4750 6000
1439 569 3131 647 HIERONYMID-EBOSCH.
3596 565 3694 658 ηἰ-

837 783 1008 864 quod
1052 782 1115 848 in
1170 781 1364 851 huius
1407 777 1785 851 lectionibus
1821 792 1952 840 non
1991 771 2188 838 solum
2225 773 2637 854 antiquorum.
2680 773 2999 852 poetarum
3032 771 3177 836 loca
3216 770 3379 860 inter
3412 787 3479 836 se
3522 788 3677 837 con»

829 929 1196 1008 ferrentur,
1272 930 1382 996 sed
1457 924 1869 990 recentiorum
1947 939 2202 1001 quoque
2273 917 2486 986 Latini
2558 915 2849 986 carminis
2902 935 3293 1002 auctorum,
3368 920 3667 989 Italorum

832 1075 1094 1146 maxime
1138 1089 1200 1142 et
1260 1072 1632 1166 Batavorum
1677 1117 1702 1150 ‚
1783 1072 2182 1139 venustiores
2237 1069 2503 1140 subinde
2563 1069 2757 1150 aliqui
2816 1072 3105 1139 versiculi
3160 1088 3220 1139 et
3268 1074 3449 1136 lusus
3491 1069 3669 1136 affer·

828 1240 1086 1304 rentur,
1135 1223 1298 1290 unde
1358 1221 1510 1288 scite
1565 1216 1844 1286 imitandi
1905 1209 2210 1286 rationem
2270 1215 2541 1285 studiosi
2584 1219 3011 1289 adolescentes
3042 1221 3481 1304 intelligerent.
3570 1219 3661 1318 E}

827 1393 976 1446 vero
1025 1373 1332 1456 optimum
1384 1372 1575 1438 huius
1633 1371 1720 1435 rei
1767 1369 2116 1449 exemplum
2175 1367 2483 1434 habebant
2547 1368 2755 1450 ipsum
2808 1369 3277 1452 murmurium,
3354 1373 3469 1438 hac
3514 1387 3661 1438 sane

829 1523 1059 1606 ingenii
1145 1522 1292 1591 dote
1385 1520 1543 1586 nulli
1621 1519 1700 1584 de
1775 1515 2229 1594 recentioribus
2309 1520 2653 1590 secundum
2699 1565 2724 1600 ,
2824 1519 2935 1587 sed
3037 1517 3374 1600 elegantem
3467 1518 3663 1602 inpri-

827 1669 945 1736 mis
987 1689 1100 1736 nec
1143 1668 1438 1752 profecto
1481 1668 1731 1737 humilis
1777 1665 2038 1750 spiritus
2089 1669 2360 1748 poetam.
2451 1667 2669 1748 Itaque
2734 1685 3067 1734 soscfflus
3133 1687 3389 1751 quoque
3437 1669 3664 1738 ceteris

830 1819 966 1886 suis
1009 1818 1312 1888 exercitus
1364 1817 1724 1888 domesticis
1769 1820 1962 1903 magis
2019 1819 2338 1903 magisque
2382 1817 2503 1884 iam
2546 1821 2862 1902 poeticum
2921 1821 3249 1904 adiungit,
3314 1837 3483 1884 nunc
3522 1815 3665 1883 Ho-

831 1966 966 2032 ratii
1021 1965 1212 2048 lyrica
1270 1967 1570 2054 Elegiaco
1621 1985 1822 2036 metro
1879 1971 2230 2053 exprimens
2261 2014 2286 2051 ,
2325 1987 2499 2036 nunc
2550 1970 2729 2036 etiam
2780 1991 2901 2040 suo
2948 1969 3183 2054 aliquid
3242 1967 3449 2034 Marte
3508 1985 3658 2050 pro-

829 2113 1060 2254 ferey‘
1149 2117 1445 2185 Personat
1487 2119 1588 2185 avi
1635 2118 1880 2188 officina
1933 2119 2218 2188 versibus
2255 2166 2280 2202 ,
2309 2108 2314 2114 ’
2345 2119 2513 2186 haud
2555 2133 2834 2188 cessante
2888 2119 3133 2187 interim
3188 2119 3377 2184 solito
3416 2115 3653 2184 labore.

832 2265 1022 2332 Videt
1088 2267 1372 2334 iuvenem
1429 2288 1584 2336 avus
1633 2269 1820 2336 modo
1881 2268 2094 2334 thecis·
2151 2265 2745 2336 medicamentorum
2808 2280 2999 2348 atque
3063 2266 3386 2348 capsuliS,
3470 2268 3672 2360 modq·

834 2428 1006 2482 strue
1050 2416 1396 2486 literaturae
1481 2421 1708 2486 veteris
1766 2419 2070 2483 librorum
2115 2417 2597 2500 chartarumque
2652 2431 2901 2498 septum
2944 2461 2969 2497 ,
3056 2417 3391 2499 eademque
3444 2419 3665 2490 indus·

772 2612 778 2620 .
827 2567 948 2631 tria
1015 2569 1204 2632 modo
1263 2565 1594 2631 formulam
1653 2563 1954 2628 mixturae
2031 2567 2425 2634 meditantem
2460 2613 2483 2648 ,
2571 2567 2761 2632 modo
2817 2565 3022 2633 Flacci
3075 2567 3285 2636 locum
3353 2587 3461 2636 aut
3515 2571 3663 2638 Ma·

831 2715 1032 2782 tonis·
1124 2711 1527 2794 Compositio
1571 2729 1712 2776 eum
1773 2709 1916 2776 inde
1975 2715 2212 2782 medica
2255 2729 2498 2780 exercet
2534 2761 2587 2800 ‚,
2625 2713 2773 2780 hinc
2819 2715 3083 2795 poetice.
3176 2715 3505 2783 Continuo
3563 2719 3665 2801 it,

835 2861 994 2927 redit
1038 2908 1061 2943 ,
1119 2882 1154 2928 a
1203 2863 1419 2927 tritura
1469 2863 1548 2926 ad
1605 2864 1908 2931 calamum
1949 2908 1976 2942 ‚
2039 2882 2073 2928 a
2145 2865 2383 2930 calamo
2428 2865 2505 2930 ad
2560 2861 2885 2946 Ltrituram.
2977 2861 3169 2928 Videt
3240 2886 3393 2936 avus
3430 2916 3456 2950 ‚.
3526 2871 3661 2952 pla·

832 3009 1090 3092 cideque
1134 3011 1344 3077 iuveni
1388 3011 1704 3093 subridet,
1763 3028 1886 3079 tam
1933 3008 2251 3077 doctrinae
2292 3008 2477 3075 avido
2514 3057 2537 3092 ,
2617 3025 2739 3080 tam
2804 3010 3149 3079 officiorum
3210 3018 3523 3099 memori,
3590 3034 3659 3087 et

837 3159 1078 3226 erudito
1141 3150 1215 3226 et*
1252 3178 1509 3229 strenuo
1555 3176 1618 3227 et
1674 3162 1783 3246 pio
1828 3183 1851 3241 3
1935 3124 2328 3241 multumque
2376 3162 2501 3229 sibi
2556 3164 2632 3227 de
2682 3174 2911 3243 nepote
2976 3162 3097 3226 hoc
3154 3148 3497 3243 gratulatus
3558 3187 3663 3233 se·

837 3326 956 3373 nex
1006 3326 1138 3375 tum
1191 3313 1468 3395 impense
1503 3310 1726 3393 gaudet
1772 3308 2202 3391 praesentibus
2250 3352 2290 3389 ,-
2357 3326 2497 3375 tum
2539 3309 2939 3379 laetissimam
2987 3328 3242 3393 quoque
3298 3308 3666 3381 futurorum

839 3474 1014 3536 spem
1065 3458 1366 3539 concipit.
1425 3512 1429 3517 .

919 3602 1144 3685 Neque
1216 3627 1360 3673 vero
1431 3605 1630 3688 ipsum
1695 3628 1769 3673 ea
1838 3628 1982 3691 spes
2057 3606 2304 3675 fefellit.
2394 3604 2621 3669 Annus
2694 3603 2991 3685 agebatur
3060 3609 3401 3689 superioris
3456 3618 3651 3683 seculi

833 3752 1307 3834 sexagesimus,
1371 3774 1661 3823 noscmo
1709 3757 1926 3823 aetatis
1987 3752 2384 3832 vicesimus,
2467 3766 2611 3812 cum
2690 3750 3047 3833 adscriptus
3122 3754 3224 3819 ille
3284 3756 3666 3826 pharmaco-

838 3915 1140 3978 poeorum
1195 3901 1396 3965 ordini
1463 3906 1806 3987 sociusque
1863 3923 2010 3973 mox
2059 3902 2138 3971 ab
2205 3919 2334 3969 avo·
2398 3898 2461 3963 in
2518 3898 2824 3966 officinam
2893 3902 3171 3969 adscitus
3234 3924 3451 3989 magna
3509 3929 3659 3977 eum¹

834 4064 1006 4129 parte
1069 4068 1292 4133 operae
1347 4070 1654 4133 curaeque
1726 4052 2050 4119 sublevare
2135 4050 2371 4133 coepit.
2478 4048 2671 4135 Quod
2762 4068 2835 4119 ut
2892 4014 3133 4137 gratum
3196 4070 3333 4118 esse
3411 4054 3660 4121 homini

833 4197 1112 4279 debuit,
1202 4201 1289 4267 ita
1383 4202 1598 4268 nescio
1681 4216 1948 4282 tamen,
2044 4221 2122 4269 an
2206 4201 2738 4273 studiosissimum
2836 4200 3087 4283 nepotis
3159 4218 3355 4267 avum
3424 4202 3667 4271 maiore

832 4346 1061 4415 laetitia
1107 4346 1376 4415 affecerit
1429 4351 1626 4421 illius
1661 4366 1792 4417 tum
1849 4351 2182 4432 doctrina,
2268 4347 2505 4431 insigni
2554 4364 2897 4416 venustate·
2956 4370 3025 4415 ac
3088 4350 3297 4433 lepore
3349 4353 3658 4431 condita„

835 4514 974 4565 tum
1031 4521 1180 4569 vero
1227 4514 1368 4567 nata
1417 4500 1557 4567 inde
1591 4504 1756 4585 apud
1807 4504 2240 4569 But-mannum.
2293 4501 2577 4583 aliosque
2624 4495 2947 4580 primarios
3000 4498 3171 4565 viros
3224 4496 3659 4579 existimatio,

838 4666 1023 4728 quam
1083 4669 1366 4717 summus
1421 4670 1784 4733 sequeretur
1835 4648 2114 4718 omnium
2171 4649 2350 4717 favor
2424 4664 2613 4731 atque
2682 4650 2898 4735 gratia.
2992 4646 3120 4733 Qui
3178 4641 3504 4729 politioris·
3556 4646 3665 4711 ins-

842 4800 1006 4881 gfflii
1062 4799 1314 4896 iuuenes
1369 4800 1442 4867 in
1489 4801 1836 4869 Burmanni
1882 4800 2132 4871 scholas
2182 4795 2561 4869 ventitat-ent
2594 4846 2617 4883 ,
2678 4797 2732 4864 ii
2781 4798 2971 4865 ferme
3014 4796 3205 4865 etiam
3250 4810 3520 4864 noscmr
3554 4790 3659 4859 fa·-

3538 4944 3669 5011 mi·
