4750 6000
1558 539 2668 629 L.3.'1'.12.Ep.34'--46.
3093 621 3106 634 ,
3200 585 3220 596 ,
3397 565 3484 632 μ

796 723 943 776 mus
984 719 1059 776 ut
1098 707 1205 776 hic
1251 703 1474 792 steph.
1522 707 1626 774 Ad
1666 708 1792 778 Ex·
1835 708 2102 778 Ruhnk.
2152 755 2209 793 ‚‚
2254 709 2359 779 sic
2389 709 2616 798 steph.
2651 723 2721 778 et
2757 705 2894 780 Bas·
2939 735 3040 798 γρ.
3084 713 3475 800 &sinaeum

792 843 1003 907 neque
1046 823 1223 892 aliter
1266 819 1527 890 Gruteri
1570 827 1921 908 exemplum
1968 841 2035 892 et·
2072 825 2185 894 Br.

883 938 1016 1020 Ep.
1069 958 1175 1024 34.
1224 943 1441 1008 *Fumi
1484 940 1595 1006 Br.
1658 937 1747 1004 Τ.
1812 963 1881 1006 2.
1932 941 2005 1006 P.
2042 943 2197 1024 438.
2286 961 2352 1006 v.
2407 961 2472 1022 3.
2516 942 2702 1022 τάχος
2754 933 2992 1012 dictum
3023 951 3141 1028 pro
3173 946 3334 1014 κατὰ
3362 947 3480 1015 τό·

786 1075 905 1133 χορ
924 1095 951 1130 ,
992 1051 1193 1132 ταχὶω
1227 1092 1246 1113 .
1337 1047 1491 1116 Vid.
1549 1049 1867 1120 D’Orvill.
1914 1053 1993 1120 ad
2054 1053 2390 1124 Chariton.
2433 1075 2508 1138 p.
2557 1055 2666 1122 88.
2797 1073 2865 1122 v.
2910 1077 2979 1138 4.
3021 1058 3131 1127 Br.
3179 1059 3471 1144 εὑρομένη·

788 1163 874 1228 aad
923 1181 988 1227 v.
1043 1184 1109 1244 4.
1150 1163 1215 1228 in
1256 1164 1425 1230 Cod.
1481 1162 1668 1231 Leid.
1724 1183 2013 1237 notatum
2070 1172 2151 1244 εἷς
2190 1175 2259 1240 τὸ
2296 1173 2468 1238 αὑτό.

878 1277 1012 1360 ΕΡ.
1066 1293 1172 1358 35.
1215 1275 1370 1373 Vid.
1430 1277 1649 1344 Burm.
1708 1284 1851 1348 Sec.
1890 1269 1957 1348 iri
1984 1281 2155 1346 Add.
2198 1283 2277 1347 acl
2310 1282 2514 1346 Anth.
2559 1279 2710 1346 Lat.
2752 1279 2841 1349 T.
2884 1305 2950 1349 2.
2993 1301 3062 1366 p.
3101 1285 3256 1370 683.

878 1393 1009 1475 Ep.
1062 1409 1165 1472 37.
1210 1389 1479 1460 Videtut¹
1514 1391 1617 1458 hic
1656 1393 1929 1462 Grotius
1956 1394 2135 1460 aliam
2169 1393 2456 1460 habuisse
2505 1395 2862 1464 lectionem.
2951 1397 3321 1468 Notandum
3375 1417 3469 1472 ter

792 1509 861 1574 in
914 1507 1035 1573 hoc
1070 1505 1207 1586 Ep.
1244 1505 1438 1588 repeti
1484 1525 1707 1576 vocem
1750 1515 1974 1590 γάμος.
2064 1530 2133 1577 v.
2172 1531 2249 1576 τι.
2296 1509 2408 1576 Bt.
2472 1514 2844 1592 πεμπομένην.

875 1623 1009 1704 ΕΡ.
1060 1623 1163 1704 38.
1196 1622 1313 1688 ‘De
1372 1623 1495 1688 hoe
1532 1623 1675 1688 vide
1708 1626 1786 1691 ad
1814 1625 2031 1692 Grotii
2074 1624 2432 1708 Prolegom.
2466 1641 2536 1706 p.
2585 1625 2702 1690 161
2745 1637 2808 1688 et
2847 1625 2991 1693 162.
3039 1640 3104 1693 et
3141 1619 3316 1696 conf.
3345 1629 3462 1716 Ju.

791 1738 966 1808 nium
1009 1741 1085 1804 de
1112 1739 1361 1804 Pictura
1387 1736 1683 1803 Veterum
1713 1757 1784 1820 p.
1828 1741 1933 1806 2⁸.
1979 1753 2152 1824 parte
2190 1759 2254 1805 ι.
2372 1757 2443 1805 v.
2481 1758 2542 1804 1.
2567 1739 2672 1804 Ad
2703 1739 2829 1818 Ex.
2859 1737 3054 1807 Grut.
3095 1757 3160 1808 et
3193 1743 3458 1828 Ruhnk.

786 1854 1072 1932 ἀνέλξεις.
1136 1849 1333 1919 Couf.
1390 1851 1553 1920 Plin.
1613 1851 1708 1919 H.
1769 1851 1863 1921 N.
1921 1851 2076 1921 Lib.
2131 1869 2237 1934 35.
2298 1871 2361 1920 c.
2425 1855 2536 1936 36.
2664 1873 2732 1920 v.
2794 1873 2864 1935 4.
2922 1852 3030 1920 Br.
3061 1857 3292 1940 ἔμαθε,
3333 1881 3457 1930 110⁸
3515 1865 3520 1870 ·

787 1961 1024 2043 ἔμαθεν.
2120 1966 2127 1976 ’

869 2075 999 2157 Ep.
1049 2095 1154 2160 39.
1196 2072 1451 2158 'textu
1486 2071 1531 2140 ὦ
1574 2073 1681 2142 Br.
1730 2071 1819 2142 T.
1870 2095 1933 2142 ι.
1982 2094 2052 2160 Ρ.
2096 2095 2209 2160 40.
2252 2091 2316 2142 et
2358 2094 2424 2146 v.
2471 2079 2536 2144 6.
2573 2077 2860 2157 λαβοῦσα
2904 2095 3022 2162 pro
3064 2081 3368 2160 βαλοῦσα.

873 2191 1005 2270 Ep.
1051 2213 1165 2273 41.
1209 2210 1275 2257 v.
1325 2210 1392 2255 2.
1440 2187 1541 2253 Bt.
1594 2192 1671 2260 lvi
1716 2193 1984 2272 τέμνωσιν
2018 2192 2298 2268 ”Arnim
2741 2263 2748 2267 ,

798 2305 803 2319 ’
868 2307 1001 2390 Ep.
1048 2327 1157 2389 42.
1200 2307 1350 2373 Vid.
1398 2304 1505 2370 M.
1550 2303 1865 2372 Raderum
1896 2304 1975 2370 ad
2026 2303 2380 2372 Martialem
2431 2323 2502 2388 p.
2548 2302 2661 2389 46.

873 2422 1001 2505 Ep.
1046 2445 1158 2506 43.
1202 2420 1421 2490 Exstat
1460 2421 1628 2501 apud
1691 2421 2083 2484 Athenaeum
2142 2420 2296 2488 Lib.
2381 2440 2486 2503 13.
2527 2440 2598 2502 Ρ.
2647 2425 2796 2504 589.
2857 2433 2920 2486 et
2978 2416 3174 2510 Diog.
3233 2408 3444 2498 Lat’irt.

783 2534 939 2604 Lib.
990 2557 1053 2620 3.
1116 2538 1304 2619 segm.
1356 2554 1461 2618 31.
1506 2553 1576 2616 p.
1632 2535 1775 2614 183.
1823 2534 1901 2598 ad
1954 2549 2141 2614 quem
2195 2533 2326 2599 vid.
2372 2533 2740 2616 Menagium
2789 2555 2860 2616 p.
2909 2552 3055 2618 150.
3136 2541 3335 2608 Conf.
3383 2559 3448 2610 et

782 2649 1037 2715 Suidam
1074 2669 1136 2714 v.
1185 2654 1369 2721 'purte
1391 2697 1414 2730 ,
1459 2647 1713 2716 Salmas.
1756 2649 1835 2713 ad
1864 2647 2103 2715 Achin.
2149 2647 2301 2716 Tat.
2336 2669 2408 2733 p.
2455 2665 2608 2732 553.
2653 2647 3075 2716 D’Orvillium
3107 2657 3184 2720 ad
3226 2659 3449 2726 Chari-

778 2781 919 2832 ton.
987 2786 1053 2849 p.
1115 2769 1239 2832 206
1298 2782 1360 2832 et
1420 2783 1572 2848 207.
1636 2765 1746 2832 ubi
1798 2765 2042 2832 varians
2091 2779 2189 2832 est
2226 2763 2441 2831 lectio.
2531 2762 2638 2830 Br.
2691 2763 2848 2829 illud
2923 2761 3198 2834 omifisse
3275 2773 3442 2840 vide-

786 2896 936 2962 tur,
976 2897 1084 2948 aut
1127 2880 1343 2966 potius
1381 2883 1627 2949 Platoni
1681 2877 1971 2947 tribuisse
2016 2879 2101 2945 T.
2159 2899 2221 2947 1.
2267 2901 2337 2963 p.
2392 2897 2539 2963 170.
2601 2877 2711 2942 ubi
2755 2871 2900 2944 item
2949 2897 3134 2960 quam
3181 2888 3445 2956 maxime

780 2997 1078 3083 discrepat
1158 3001 1373 3067 lectio.
1462 3002 1566 3069 Ad
1634 3018 1701 3065 v.
1756 3018 1812 3065 1.
1884 2997 1948 3066 in
1994 2995 2124 3065 Ex.
2182 2995 2382 3063 Burm
2457 2993 2599 3063 Sec.
2659 2994 2850 3081 liujus
2895 3014 3082 3064 manu
3125 3015 3438 3075 notatum.

783 3160 841 3198 ‚,
880 3114 1275 3201 Astyanassa
1328 3120 1396 3185 in
1440 3115 1715 3186 vernone
1754 3114 1973 3183 Grotii
2009 3160 2035 3197 ,
2112 3111 2227 3179 nifi
2264 3111 2488 3179 vitium
2530 3108 2964 3193 descriptionis
3014 3111 3114 3181 fit.
3169 3115 3445 3187 Archen-

774 3232 953 3299 nassa
986 3233 1151 3301 enim
1196 3237 1439 3303 vetulae
1480 3252 1543 3299 et
1594 3232 1849 3313 rugosae
1886 3229 2119 3295 rectius
2170 3224 2541 3325 couvenitss’
2657 3229 2734 3297 In
2775 3231 2902 3298 Ex.
2949 3230 3217 3301 Ruhnk.
3263 3249 3445 3303 nota·

778 3360 915 3414 tum
958 3394 1012 3429 ‚,
1056 3348 1211 3415 Vid.
1266 3347 1585 3417 D’Orvill.
1631 3346 1708 3411 ad
1752 3344 2085 3411 Chariton.
2150 3364 2221 3427 p.
2270 3344 2424 3409 206.
2486 3338 2711 3427 Toup.
2766 3345 2844 3411 ad
2896 3344 3151 3412 Suidam
3209 3346 3321 3418 m.
3365 3370 3444 3436 p.

780 3463 933 3543 267.
980 3461 1159 3529 suid.
1202 3482 1268 3533 v.
1316 3461 1516 3550 ame’
1668 3481 1737 3530 v.
1780 3483 1849 3544 4.
1896 3462 2067 3529 Edd.
2113 3459 2345 3545 priscae
2387 3444 2508 3543 pr'o
2547 3457 2624 3529 ai·
2667 3456 2836 3535 ὅση..
2882 3458 3100 3537 rtem.

860 3576 996 3657 Ep.
1038 3594 1150 3655 44.
1196 3576 1601 3657 Καταχθονίοισ
1640 3576 1799 3655 μετὰ
1840 3578 2123 3655 himer.
2212 3576 2319 3644 Ad
2370 3574 2498 3643 EX.
2545 3572 2811 3640 Ruhnk.
2857 3616 2914 3655 ,‚
2963 3574 3068 3641 Sic
3109 3580 3256 3660 νβ’.
3331 3598 3427 3651 at.

778 3706 905 3771 que
940 3688 1027 3754 ita
1079 3687 1306 3771 Steph.
1352 3686 1476 3755 Sed
1531 3686 1700 3755 Edd.
1749 3687 1989 3777 priscae
2032 3690 2427 3771 καταχθονίοις
2465 3690 2628 3767 μετὰ
2665 3688 2950 3765 δαίμονος.
3052 3688 3163 3755 Br.
3241 3722 3436 3767 xam-

766 3806 1020 3888 χθονίους
1064 3816 1125 3867 et
1166 3805 1463 3884 δαίμονας.
1553 3802 1705 3869 Vid.
1752 3801 1976 3881 Toup.
2018 3801 2313 3868 Addend.
2359 3802 2437 3868 ad
2480 3798 2813 3867 Theocrit.
2859 3819 2929 3883 p.
2975 3822 3129 3885 407.

861 3913 989 4000 ΕΡ.
1034 3934 1145 3999 45.
1190 3937 1257 3985 v.
1311 3937 1371 3985 1.
1416 3922 1634 3992 κύδιςε.
1678 3918 1944 3987 Ruhnk.
1990 3918 2204 4001 Epist.
2252 3916 2419 3985 Crit.
2449 3936 2518 3984 2.
2559 3934 2630 3999 Ρ.
2696 3932 2848 3997 290.
2893 3917 3152 4003 corrigit
3187 3922 3419 4001 κήδη..

776 4052 847 4101 v.
898 4052 958 4117 3.
1002 4032 1111 4100 ΒΓ.
1156 4035 1246 4109 τὶς
1283 4036 1319 4112 ἢ
1358 4036 1548 4103 πόθεν.
1676 4053 1744 4102 v.
1787 4055 1857 4115 4·
1905 4034 2011 4103 Ad
2052 4035 2223 4103 Cod·
2269 4028 2472 4101 Leid.‘
2503 4036 2563 4102 ἐν
2599 4032 2912 4113 mnae.-
2945 4031 3052 4100 Br·
3119 4040 3178 4105 ὃν
3218 4043 3444 4121 Μεγά.

768 4172 918 4233 mc,
963 4148 1137 4231 quod
1176 4146 1523 4230 recepimus
1576 4163 1837 4233 propter
1875 4148 2089 4217 Grotii
2146 4148 2513 4219 vernonem.
2597 4144 2752 4213 vid.
2807 4158 2870 4211 et
2927 4144 3006 4213 P.
3047 4147 3268 4219 Burm.
3317 4153 3432 4221 Se·

772 4263 965 4333 cundi
998 4277 1183 4331 notas
1239 4264 1317 4329 ad
1362 4263 1567 4330 Anth.
1614 4263 1763 4330 Lat.
1813 4262 1902 4332 T.
1955 4288 2017 4332 2.
2064 4288 2134 4351 p.
2178 4269 2334 4348 687.
2463 4284 2531 4333 v.
2581 4282 2644 4347 5.
2691 4262 2796 4329 Ad
2837 4259 2968 4329 Ex·
3013 4262 3278 4335 Ruhnk.
3321 4291 3427 4347 γρ.

773 4376 867 4456 διν
906 4380 1143 4449 iuclu-
1188 4378 1403 4448 eodem
1461 4378 1637 4445 versu
1696 4399 1813 4461 pro
1864 4383 2078 4452 Πάντα
2116 4379 2237 4465 γὰρ
2278 4380 2386 4449 Bt.
2441 4378 2654 4454 ndu-a
2703 4379 2753 4447 ol
2773 4424 2800 4463 ,
2858 4378 3020 4445 etin
3081 4398 3151 4448 v.
3197 4383 3265 4451 6.
3305 4402 3424 4465 pro

772 4492 1014 4571 lanvino,
1058 4494 1284 4573 ἐρατὸν.
1413 4515 1480 4563 v.
1531 4515 1597 4578 7.
1642 4494 1752 4559 Br.
1796 4499 2155 4579 lfot’maulaec
2199 4496 2347 4577 δ’ἅρ.

856 4602 987 4685 ΕΡ.
1031 4607 1143 4688 46.
1188 4609 1297 4675 Br.
1342 4613 1679 4689 Μαράθωνις
1712 4655 1737 4693 ,
1815 4612 2138 4692 quomodo
2200 4608 2416 4695 legisse
2459 4608 2644 4678 etiam
2687 4590 2958 4677 Grotius
3002 4606 3248 4675 videtur
3267 4653 3290 4691 ,
3351 4622 3416 4674 et

771 4737 843 4788 v.
882 4742 953 4788 α.
994 4723 1295 4819 &pepinu-
1314 4768 1341 4808 ,
1380 4741 1569 4792 recte.

2137 4842 2191 4909 F
3289 4846 3420 4936 Ep.
