4750 6000
1353 530 1439 602 L.
1487 525 1557 606 6.
1605 536 1691 605 Τ.
1735 480 1844 620 2⁰3.
1887 531 2026 604 Tit.
2075 551 2188 648 24.
2233 529 2365 616 ΕΡ.
2420 547 2652 610 1-4.
3260 545 3387 616 137

711 697 1074 770 &unckius
1115 701 1286 770 dedit
1329 699 1528 770 Tom.
1575 723 1639 770 2.
1683 723 1756 787 Ρ.
1813 723 1962 786 114.

1119 821 1294 896 Talon
1337 821 1480 888 ἄλλ’
1515 821 1760 888 Iulum-s·
1803 823 1937 889 τίθει
1983 816 2046 886 35
2082 839 2186 896 μιν
2212 851 2238 886 9
2277 812 2350 890 ὦς
2389 812 2496 896 ηδ
2530 838 2609 895 γε
2645 819 2831 890 τοῖον.

1186 931 1312 1002 Ὠς
1355 927 1520 1004 αὖτις
1561 936 1738 1012 πολιῷ
1776 935 1962 1011 γήραΐ
1993 930 2310 1010 tamenim.
2558 931 2563 938 '

707 1038 939 1122 Neque
981 1040 1158 1108 aliter
1171 1038 1456 1138 §tutet-i
1499 1043 1624 1112 Ex.
1673 1057 1736 1110 et
1773 1059 1928 1109 nota
1971 1044 2048 1110 ad
2089 1041 2214 1108 Ex.
2263 1035 2530 1102 Ruhnk.

795 1155 934 1222 Tit.
987 1177 1092 1239 23.
1137 1155 1268 1236 Ep.
1325 1175 1384 1221 1·
1433 1157 1706 1234 Εὖσημδν
1745 1165 2122 1238 valesham
2169 1151 2699 1244 wyttenbachius
2744 1139 3270 1215 Bibl.Crit.Vol.
3301 1160 3366 1209 1.

691 1268 890 1354 ‚Part-e
947 1292 1012 1336 2.
1068 1290 1140 1353 p.
1209 1287 1314 1352 35.
1371 1284 1436 1337 et
1501 1271 1919 1338 Annotation.
1965 1269 2032 1338 in
2075 1270 2356 1340 Platonis
2399 1269 2789 1336 Phaedonem
2833 1284 2909 1349 Ρ.
2960 1263 3111 1348 306.
3160 1255 3364 1328 Conf.

707 1401 772 1450 et
806 1384 1160 1470 Jacobfium
1206 1385 1404 1452 Tom.
1453 1405 1518 1468 7.
1564 1405 1634 1470 Ρ.
1683 1405 1792 1470 92.
1899 1375 1906 1384 ’

793 1501 928 1582 Ep.
973 1521 1040 1564 2.
1087 1519 1153 1566 v.
1205 1521 1270 1564 2.
1333 1500 1458 1566 Pro
1519 1507 1770 1584 Κώναρος
1825 1501 2096 1572 Grotius
2137 1503 2354 1588 legisse
2388 1501 2638 1568 videtur
2674 1499 2969 1574 Κώδαλος.
3012 1491 3369 1560 Brunckius

700 1614 878 1678 dedit
942 1619 1232 1696 Κόνναρος.
1357 1631 1426 1678 v.
1481 1634 1543 1695 3.
1609 1613 1717 1683 ΒΓ.
1763 1621 2026 1694 Μούσαις
2089 1633 2152 1684 et
2192 1617 2276 1684 fic
2323 1615 2583 1684 Gruteri
2625 1611 3051 1694 Exemplum,
3096 1605 3397 1698 Salmafii·

709 1732 1149 1795 annotationes
1193 1741 1256 1792 et
1311 1741 1468 1794 nota
1509 1729 1587 1794 ad
1627 1729 2012 1814 Exemplum
2057 1730 2448 1800 Ruhnkenii.

800 1841 940 1907 Tit.
989 1863 1094 1923 24.
1173 1843 1302 1924 Ep.
1353 1860 1413 1906 1.
1475 1861 1542 1906 v.
1599 1861 1660 1910 1.
1725 1847 2026 1928 δικέρώτα.
2085 1847 2288 1916 Conf.
2352 1846 2509 1912 Lib.
2574 1865 2642 1926 4.
2706 1842 2795 1910 Τ.
2869 1863 2972 1910 12.
3038 1842 3169 1926 ΕΡ.
3222 1859 3373 1924 119.

713 1975 776 2024 v.
833 1977 894 2024 1.
945 1979 1007 2023 2.
1059 1959 1162 2023 Ad
1193 1959 1317 2023 Ex.
1355 1956 1626 2054 Ruhnk.
1695 2005 1752 2041 ‚,
1800 1959 2025 2028 S’uidas
2061 1980 2130 2028 v.
2169 1969 2437 2044 δίκραιρος
2474 1979 2546 2042 Ρ.
2588 1963 2740 2040 589.
2776 1963 3061 2041 vaenue
3090 1977 3159 2040 Ρ.
3224 1975 3366 2039 119.

713 2089 778 2139 et
817 2094 882 2140 v.
925 2078 1168 2158 λόχμιος
1207 2095 1280 2157 p.
1315 2076 1472 2154 462.
1507 2073 1617 2139 ubi
1657 2079 1898 2160 λόχμην
1937 2079 2268 2152 §Aeflanu-
2313 2075 2439 2140 Sed
2483 2072 2624 2141 vide
2659 2072 2915 2140 Kusteri
2946 2072 3203 2140 notas?
3268 2073 3375 2138 Ad

713 2207 854 2254 vers
919 2212 982 2256 2.
1065 2189 1240 2256 conf.
1311 2189 1639 2256 d’Arnaud
1687 2185 1984 2256 Lection.
2030 2187 2154 2256 Gr.
2211 2190 2290 2256 ad
2347 2190 2611 2256 Aratum
2678 2209 2751 2272 Ρ.
2810 2206 2963 2273 153.
3042 2187 3373 2270 Toupium

713 2299 959 2371 Emend
1033 2304 1099 2370 in
1147 2303 1477 2370 Theocrit.
1527 2298 1599 2390 Ρ.
1655 2324 1758 2372 10.
1855 2321 1922 2370 v.
1975 2326 2038 2388 3.
2083 2325 2149 2386 4.
2197 2306 2302 2370 Ad
2342 2309 2467 2374 Ex.
2507 2303 2775 2372 Ruhnk.
2834 2350 2890 2388 „
2934 2304 3088 2372 vid.
3144 2303 3370 2370 Suidas
3500 2293 3515 2308 “

714 2435 786 2484 v.
832 2425 1049 2498 πανικῷ
1093 2437 1163 2497 Ρ.
1221 2437 1322 2500 19.
1369 2439 1439 2487 v·
1485 2429 1694 2502 πρῶνες
1739 2439 1807 2502 Ρ.
1859 2437 2011 2500 217.
2059 2433 2122 2482 et
2165 2437 2231 2482 v.
2278 2429 2485 2488 κνέὶιων
2528 2439 2599 2504 Ρ.
2652 2440 2799 2504 333.

801 2529 929 2610 ΕΡ.
983 2548 1046 2594 2.
1101 2547 1170 2594 v.
1238 2548 1298 2595 1.
1363 2539 1534 2600 τοῦτο
1576 2533 2018 2612 χιμαιροβάτα.
2063 2531 2228 2594 Vide
2271 2531 2511 2612 Toupii
2551 2534 2825 2599 Iudicem
2866 2533 2943 2600 ad
2978 2529 3259 2602 addenda
3309 2533 3379 2604 in

714 2643 1156 2711 Theocritum.
1197 2643 1362 2710 Ibid.
1409 2647 1706 2728 aiydvvxe.
1757 2645 1866 2712 llr.
1911 2646 2216 2728 alyn-aux..
2263 2644 2435 2712 Edd.
2462 2645 2639 2714 Vett.
2662 2651 2982 2730 αἲγόννυχι.
3071 2667 3137 2716 v.
3172 2670 3235 2712 2.
3268 2651 3373 2715 ΒΓ.

708 2765 968 2841 ὲγρείης.
1025 2761 1128 2825 Ad
1163 2759 1282 2826 Ex.
1331 2757 1596 2824 Ruhnk.
1645 2803 1700 2836 ‚‚
1747 2756 1919 2823 Citat
1953 2757 2178 2824 Suidas
2214 2776 2278 2826 v.
2333 2756 2549 2846 ἁγρεἰα
2583 2784 2647 2848 p.
2692 2766 2796 2847 38.
2835 2761 3010 2842 quod
3050 2779 3181 2826 non
3218 2761 3377 2828 vidit

712 2874 1068 2956 Kusterus‚
1113 2891 1175 2941 at
1203 2877 1357 2942 vidit
1381 2874 1678 2957 Toupius
1713 2871 1910 2954 (Cur.
1945 2871 2182 2940 noviss.
2215 2875 2282 2942 in
2319 2875 2573 2948 Suidam
2620 2898 2690 2962 Ρ.
2736 2897 2840 2961 13.
2882 2895 2988 2957 14.
3026 2875 3183 2942 Vol.
3214 2875 3375 2960 4·)’'

713 3010 781 3057 v.
836 3013 894 3075 3.
962 2991 1070 3057 Br.
1129 2996 1493 3073 ραιβόκρινον
1527 3004 1588 3055 et
1623 2986 1704 3055 fic
1739 2988 1908 3057 Edd.
1952 2988 2130 3057 Vett.
2192 2989 2358 3057 Vide
2410 2991 2707 3059 Warton.
2758 2993 2837 3059 ad
2871 2991 3201 3061 Theocrit·
3233 3008 3373 3061 not.

710 3124 783 3188 Ρ.
839 3126 984 3187 107.
1092 3126 1160 3173 v.
1207 3127 1276 3188 4.
1334 3104 1439 3169 Ad
1475 3104 1600 3171 Ex.
1644 3102 1910 3170 Ruhnk.
1961 3148 2020 3187 „
2065 3106 2290 3175 Suidas
2335 3127 2404 3172 v.
2450 3112 2791 3191 αἲμῶπους,
2836 3106 2948 3173 ubi
2990 3114 3219 3185 λύκους.
3267 3106 3373 3176 ssr.

713 3218 972 3291 λύκως.”
1099 3240 1159 3285 v.
1219 3238 1282 3300 5.
1345 3222 1448 3283 Ad
1515 3219 1634 3283 Ex.
1705 3218 1973 3285 Ruhnk.
2041 3266 2094 3301 „
2156 3221 2383 3287 Suidas
2435 3240 2501 3287 v.
2568 3232 2793 3301 ynam
2854 3240 2925 3305 Ρ.
2981 3226 3129 3302 468.
3200 3238 3261 3287 et
3305 3242 3373 3290 ν.

715 3340 1020 3414 elymam,
1070 3352 1140 3399 ut
1181 3334 1246 3399 in
1287 3333 1586 3399 Editione
1629 3331 1884 3413 Kusteri
1913 3348 1987 3411 Ρ.
2039 3311 2146 3415 36.
2193 3332 2314 3401 Sed
2359 3335 2503 3401 vide
2548 3337 2803 3402 Kusteri
2846 3324 3107 3403 nota's.”
3192 3357 3257 3403 v.
3304 3338 3372 3405 6.

714 3448 820 3513 Ad
863 3450 990 3514 Ex.
1035 3448 1302 3514 Ruhnk.
1354 3474 1428 3530 ,‚·
1455 3446 1680 3513 Suidas
1725 3466 1790 3512 v.
1837 3452 2162 3529 λαιμοτέδκ
2205 3468 2274 3530 Ρ.
2319 3471 2475 3531 421.
2518 3452 2673 3519 Vol.
2727 3450 2838 3517 1.”
2964 3491 2983 3500 ·

795 3561 922 3641 Ep.
978 3580 1038 3643 3.
1083 3582 1154 3629 ν.
1207 3583 1266 3629 1.
1313 3563 1419 3629 Ad
1461 3562 1585 3630 Ex.
1635 3560 1904 3628 Ruhnk.
1967 3608 2022 3643 ‚,
2069 3562 2298 3629 Suidas
2361 3584 2427 3630 v.
2473 3570 2667 3641 πνικτή
2712 3584 2781 3648 Ρ.
2836 3584 2981 3651 109.
3028 3565 3180 3631 Vol.
3231 3587 3269 3649 3
3312 3580 3376 3631 et

710 3675 954 3753 σίαβλοι
997 3694 1069 3755 Ρ.
1119 3678 1319 3755 314.”
1444 3698 1512 3737 v.
1563 3700 1628 3739 α.
1679 3678 1785 3739 Br.
1830 3682 2183 3755 Εὐροιόμας.
2292 3698 2361 3742 v.
2414 3698 2479 3759 3.
2525 3674 2637 3739 Bt.
2686 3682 2939 3757 βώκολος
2982 3690 3047 3741 et
3088 3682 3375 3765 δέχεσθε,

707 3802 778 3852 et
813 3786 896 3853 fic
935 3786 1210 3853 Salmafii
1245 3786 1706 3857 annotationes.
2965 3838 2975 3844 -

664 3892 672 3899 “
799 3905 931 3986 ΕΡ.
973 3925 1042 3986 4.
1088 3925 1154 3971 v.
1210 3925 1270 3971 1.
1317 3907 1550 3985 Δάφνις
1585 3904 1620 3969 ὃ
1659 3899 1958 3981 cuperem-ciac.
2008 3900 2170 3969 Vide
2209 3905 2525 3973 d’orviuii
2568 3905 2777 3973 Sicula
2822 3902 2985 3988 Cap.
3028 3906 3125 3987 4.’
3150 3926 3220 3989 Ρ.
3266 3926 3373 3991 32.

717 4018 880 4085 Ibid.
919 4026 1164 4103 τρομερῷ
1200 4021 1328 4101 περὶ
1361 4018 1560 4087 Huet.
1597 4019 1720 4085 ἐπὶ.
1805 4034 1870 4084 V.
1917 4037 1983 4087 2.
2030 4000 2248 4105 Vulgo
2279 4026 2451 4099 τάςδι
2480 4024 2899 4105 βαρυνομένων.
2944 4018 3093 4085 Nos
3131 4020 3378 4089 Editio-

715 4152 856 4199 nem
893 4133 1244 4216 Principem
1289 4134 1481 4201 secuti
1526 4132 1763 4198 sumus.
1813 4132 1920 4199 Br.
1963 4131 2136 4202 τάνδε
2177 4138 2619 4219 βαρυνομένας,
2666 4148 2737 4199 ut
2772 4134 3048 4201 Huetius
3092 4150 3151 4200 et
3191 4134 3273 4201 fic
3312 4136 3379 4203 in

711 4245 842 4316 Ex.
907 4250 1020 4315 suo
1076 4250 1345 4317 correxit
1367 4246 1768 4316 Burmannus
1811 4245 2168 4315 Secundae.
2207 4253 2611 4331 βαρυνομένας
2648 4250 2829 4317 etiam
2861 4248 3119 4315 Gruteri
3148 4251 3385 4319 Exem-

715 4369 922 4450 plum.
987 4364 1258 4432 Grotius
1317 4368 1579 4433 alterum
1637 4361 1954 4447 expresfit.
2003 4362 2108 4431 Ad
2149 4364 2276 4433 EX.
2325 4364 2591 4432 Ruhnk.
2642 4412 2697 4447 ,‚
2738 4366 2967 4431 Suidas
3008 4384 3077 4430 v.
3120 4366 3379 4445 ἀερχηλῆ

717 4502 788 4565 Ρ.
839 4498 946 4564 59.
999 4480 1112 4545 ubi
1152 4480 1278 4545 vid.
1325 4477 1711 4543 Kusteru5.”
1796 4496 1864 4541 v.
1913 4497 1978 4558 3.
2019 4484 2268 4556 ἀνέθηκα
2311 4490 2375 4543 et
2418 4495 2484 4544 v.
2535 4494 2574 4561 5
2645 4480 2993 4557 μελίσδομαι
3036 4496 3177 4542 cum
3208 4475 3378 4541 Gro-

717 4596 813 4661 tio
856 4596 1262 4678 praetulimus
1311 4593 1582 4675 vulgatis
1634 4591 1868 4666 ἀνέθηκε
1927 4598 1991 4651 et
2042 4590 2413 4673 μελίσδεται,
2456 4588 2976 4675 adstipulantibus
3022 4588 3379 4658 Burmanno

721 4708 886 4776 Secu
897 4686 1028 4789 ndo
1093 4725 1156 4775 et
1198 4708 1545 4779 Brunekio.
1587 4710 1838 4788 ἀνέθηκα
1889 4702 2076 4768 ‘tiam
2139 4717 2301 4793 nota·
2347 4706 2426 4773 ad
2481 4704 2611 4775 Ex·
2677 4701 3042 4771 RUhnkenfi
3083 4749 3109 4786 2
3168 4713 3382 4793 μελίσ-
