4750 6000
1131 618 1230 690 n
1969 557 3125 673 'LAUDA'rlos

1144 798 1268 864 bus
1337 799 1639 880 ponebat.
1726 796 1946 880 Itaque
2016 800 2378 882 complures
2454 817 2595 863 eum
2680 797 2965 879 quotidie
3030 793 3382 870 inviseBant
3420 843 3448 883 ,
3532 811 3607 866 ut
3674 799 3822 869 eius·
3874 806 3985 872 veB

1144 938 1462 1006 doctrinae
1483 985 1515 1018 ,
1573 938 1673 1005 vel
1735 938 1876 1020 opis
1899 983 1930 1019 ,
1997 953 2108 1004 aut
2166 932 2423 1005 consilii
2484 935 2666 1018 copia
2688 981 2719 1016 ,
2790 935 2895 998 vel
2952 909 3257 1018 coiloquii
3316 933 3612 1008 duntaxat
3674 941 3994 1010 hilaritate·

1141 1083 1210 1146 ac
1284 1074 1620 1143 festivitate
1677 1073 2035 1141 fruerentur
2067 1095 2098 1156 ς
2159 1091 2511 1155 verumque
2578 1073 2637 1139 ei
2712 1073 2837 1140 hoc
2900 1059 3303 1157 praeconium
3378 1077 3602 1148 tribuit
3679 1081 3990 1166 Wytten.

1137 1217 1444 1306 bachius,
1520 1223 1938 1292 hominem
2003 1243 2184 1292 eum
2245 1225 2544 1294 fuisse
2600 1227 3085 1292 munorum
3149 1227 3623 1297 hominum.

1222 1361 1360 1430 Hac
1428 1361 1622 1446 igitur
1690 1360 1794 1427 ille
1849 1375 2018 1428 tanta
2087 1361 2338 1430 lenitate
2400 1374 2589 1442 atque
2666 1361 3051 1428 humanitate
3114 1361 3217 1429 vir·
3246 1409 3273 1445 ,
3348 1363 3699 1450 intelligitis
3734 1411 3757 1447 ‚
3822 1367 3971 1433 ΑΗ.

1137 1511 1459 1585 quomodo
1507 1508 1772 1600 affectus
1831 1508 2025 1576 fuerit
2047 1557 2086 1592 2
2134 1529 2282 1576 cutn
2340 1527 2675 1577 accensum
2736 1527 2905 1580 anno
2962 1511 3308 1594 superioris
3369 1514 3600 1580 saeculi
3662 1520 3995 1600 octogesih-

1133 1675 1241 1724 mo
1311 1657 1556 1723 bellum.
1615 1657 2044 1726 Britannicum
2116 1675 2226 1727 eas
2296 1659 2569 1744 primum
2645 1659 2811 1728 inter
2882 1663 3055 1729 cives
3137 1662 3367 1746 sparsit
3444 1661 3833 1730 simultatum
3902 1683 3991 1732 ac:

1134 1799 1598 1868 dissensionum
1670 1799 1842 1867 faces
1869 1847 1894 1882 ,
1963 1820 2124 1882 quae
2199 1819 2332 1867 non
2396 1800 2521 1868 nisi
2598 1799 2863 1868 infinitis
2937 1801 3219 1868 omnium
3298 1802 3565 1873 miseriis
3639 1823 3710 1869 ac
3786 1822 3997 1885 paene·

1132 1946 1318 2014 ruina.
1367 1945 1646 2014 civitatis
1698 1947 1978 2032 extingui
2035 1961 2329 2032 potuere.
2416 1948 2575 2018 Non
2632 1967 2781 2016 sane
2840 1951 3217 2034 exspectatis
3267 1950 3406 2018 fore
3429 1998 3452 2032 ‚
3512 1966 3587 2018 ut
3647 1950 3813 2016 illata
3869 1949 3995 2016 ill'o-
4049 1947 4056 1954 ’

1127 2096 1422 2170 tempore·
1481 2087 1736 2171 publice
1807 2102 1870 2154 et
1941 2087 2233 2172 privatim
2301 2090 2576 2156 vulnera:
2632 2103 2983 2156 retractem.
3078 2089 3202 2157 Sed
3275 2104 3479 2158 tamen
3538 2091 3605 2156 in
3689 2053 3977 2158 noscero

1127 2231 1433 2300 laudando
1508 2249 1772 2313 prorsus
1840 2230 2324 2312 praetermittere
2399 2229 2536 2296 eius
2608 2229 2705 2294 rei·
2752 2228 3128 2328 mentionem
3200 2228 3382 2296 haud·
3451 2247 3717 2314 possum
3743 2278 3784 2311 ‚,
3831 2249 3991 2296 cum·

1129 2377 1297 2445 forte
1360 2378 1478 2444 alia
1541 2397 1646 2444 res
1707 2368 1881 2444 nulla
1935 2379 2132 2463 magis
2203 2379 2566 2462 patefecerit
2629 2377 2941 2461 optimum
3002 2377 3153 2442 eius·
3200 2375 3338 2444 vi'ril
3394 2378 3711 2446 animum..
3784 2378 3993 2446 Vide··

1132 2525 1238 2593 bat
1309 2525 1578 2612 patr-iam.
1651 2526 2006 2593 secessione
2073 2527 2307 2592 civium
2370 2529 2437 2594 i'n
2503 2529 2659 2594 d'uas
2737 2541 2961 2610 partes-
3007 2527 3286 2594 divisam
3310 2573 3353 2608 „
3418 2541 3655 2594 veteres
3732 2524 3993 2591 amicos.

1059 2674 1064 2684 '
1133 2683 1292 2732 suos
1349 2664 1510 2731 inter
1581 2683 1650 2730 se
1711 2664 2007 2731 sensibus
2088 2664 2172 2731 de
2231 2663 2565 2746 republica.
2630 2665 2957 2730 discordes
2994 2713 3031 2746 ,.
3085 2683 3217 2730 non
3276 2665 3422 2732 sine
3478 2679 3847 2746 augescente
3910 2663 3991 2729 in.

1131 2805 1266 2872 dies
1328 2800 1476 2870 odio
1499 2851 1523 2886 ‚
1583 2801 1926 2886 mutuaque
1968 2771 2429 2870 obtrectatione
2482 2813 2549 2866 et
2611 2798 2873 2866 invidia.
2964 2797 3421 2867 Sententiarum
3485 2803 3733 2884 quidem
3788 2803 3926 2888 ipse
3945 2825 3991 2888 ·,..

1131 2929 1209 3013 ut
1265 2943 1382 3026 fit,
1419 2944 1696 3009 alteram·
1747 2939 1950 3023 magis
2012 2939 2198 3005 altera
2254 2935 2613 3020 probabat;
2676 2933 2760 3002 ab
2809 2933 3041 3003 insana.
3100 2951 3305 3007 autem
3364 2939 3466 3006 illa
3524 2937 3806 3023 partium·
3866 2913 3997 3006 cu...

1133 3091 1394 3180 piditate
1465 3110 1708 3175 semper
1777 3088 2194 3157 alienissimus
2273 3087 2438 3155 fuit..
2529 3086 2779 3191 sciehat
2851 3087 3183 3172 utrimque-
3250 3090 3460 3157 bonos
3534 3106 3681 3155 esse·
3746 3087 3919 3155 viros
3948 3132 3993 3171 ,.

1137 3240 1248 3321 qui
1270 3287 1294 3320 ‚
1352 3238 1409 3305 si
1467 3237 1696 3323 positis
1751 3239 1913 3307 odiis
1971 3212 2452 3322 conspirarent,
2516 3240 2747 3306 salvam
2814 3255 3125 3322 praestare
3182 3254 3447 3325 possent
3500 3236 3990 3321 rempublicam..

1135 3386 1357 3465 Itaque
1409 3396 1522 3444 eos
1577 3394 1821 3460 semper
1874 3376 1941 3444 i‘n
2003 3375 2258 3459 gratiam
2316 3376 2483 3444 inter
2534 3394 2605 3441 se
2666 3376 2959 3442 reducere
3016 3377 3295 3445 tentabat
3312 3424 3349 3460 ,,
3399 3377 3501 3445 his
3542 3368 3989 3464 praecipiens,

1065 3562 1070 3567 ·
1133 3534 1210 3587 ut
1265 3521 1332 3589 in
1399 3524 1760 3607 imperando
1821 3524 2188 3591 modestiam
2220 3511 2273 3607 ,ᾗ
2310 3525 2437 3593 illis
2523 3534 2597 3591 ῐιι
2658 3525 2753 3592 ἰιι
2806 3525 3103 3593 libertate
3165 3530 3422 3594 modum
3499 3530 3754 3595 vellent.
3840 3526 3990 3593 Ubi,

1131 3686 1296 3737 vero.
1359 3670 1604 3737 tandem
1644 3717 1671 3753 ,
1746 3676 2137 3756 praevalente
2195 3674 2346 3742 odi‘o
2379 3682 2431 3756 ,J
2484 3674 2691 3741 dirimi
2766 3674 3025 3759 civilem.
3076 3674 3249 3742 litem
3312 3677 3509 3744 armis-
3574 3694 3637 3743 et
3721 3678 3985 3760 quidem

1075 3880 1084 3893 ,
1131 3816 1412 3885 externis-
1467 3817 1744 3900 pracuit‚
1815 3834 2010 3903 atque.
2067 3823 2158 3889 iis·
2209 3823 2485 3907 primum
2550 3822 2701 3889 huic
2724 3868 2767 3904 ,,
2816 3820 3041 3890 deinde
3080 3823 3173 3890 illi
3218 3824 3379 3908 parti
3422 3822 3638 3891 infelix
3693 3822 3986 3907 quaesita·

1117 3974 1230 4027 est
1283 3963 1594 4049 victoria,
1653 3986 1987 4039 roscium
2005 4017 2040 4055 ,,
2095 3986 2175 4037 ut
2229 3972 2569 4039 clementer
2626 3971 2845 4038 saltem
2905 3986 3228 4041 uterentur
3268 3991 3385 4054 ea,
3430 3970 3701 4039 victores
3743 3984 3805 4035 et
3847 3968 3989 4035 hos:-

1127 4110 1192 4163 et
1231 4097 1392 4167 illos
1439 4122 1694 4172 monere
1750 4124 1883 4174 non
1942 4108 2223 4176 destitit..
2299 4106 2441 4175 Nec
2484 4122 2845 4176 monentem
2890 4125 3035 4219 eum
3081 4110 3432 4193 quisquam
3464 4127 3641 4195 aegre
3682 4108 3919 4179 ferebat
3938 4158 3965 4192 ,

1127 4266 1274 4314 eum
1323 4264 1726 4333 perspectum
1790 4252 2010 4321 omnes
2070 4255 2221 4322 eius
2267 4247 2560 4323 animum
2612 4256 2910 4324 haberent
2930 4301 2959 4340 ,
3014 4272 3093 4323 ur
3130 4257 3327 4325 amici
3356 4274 3579 4340 neque
3607 4244 3983 4371 temporarii*

1124 4405 1334 4470 neque
1387 4384 1646 4469 callidi,
1709 4387 1834 4453 sed
1889 4388 2004 4469 qui
2063 4390 2144 4457 in.
2195 4390 2334 4457 illis
2373 4392 2664 4481 partium
2718 4406 2786 4459 et
2844 4391 3145 4463 fortunae
3198 4394 3461 4461 vicibus
3510 4366 3967 4479 promptiorem

1127 4548 1388 4614 semper
1435 4551 1504 4599 se
1567 4534 1830 4603 afflictis
1871 4534 2295 4609 ostendisset.
2372 4540 2521 4610 Hoc
2584 4542 2688 4609 ille
2748 4543 2961 4612 animo
3024 4563 3171 4611 cum
3234 4542 3527 4632 privatim
3585 4554 3783 4611 antea.
3818 4556 3981 4626 pro(

1127 4672 1366 4745 auisset
1421 4682 1689 4770 multis,
1739 4702 2016 4774 postea,
2063 4690 2411 4775 publicum.
2454 4712 2705 4765 munus.
2747 4710 2985 4783 gerens·
3027 4694 3408 4765 Academiae
3462 4680 3988 4767 Lagnum-Ba·-

3876 4832 3969 4891 tat·
