4750 6000
1351 472 1478 537 ¹44
2295 453 2383 524 L.
2432 475 2497 540 7.
2542 457 2674 540 Ep.
2723 459 2865 522 8—
2895 475 2996 541 ¹5·

1348 625 1498 692 Vox
1528 599 1866 690 Lucianee.
1911 618 2064 690 Vid.
2104 619 2166 689 in
2197 623 2356 710 Jove
2398 623 2733 705 Tragoedo
2768 646 2833 691 v.
2868 643 2980 710 47.
3022 622 3221 694 Tom.
3262 645 3324 694 2.
3371 643 3439 710 p.
3480 628 3635 712 677.
3694 630 3897 700 Conf.
3944 647 4013 698 et

1343 740 1441 809 N.
1483 738 1738 822 Rigaltii
1769 751 1952 804 notas
1987 741 2063 804 ad
2096 739 2354 805 Phaedri
2412 739 2678 808 Fabulas
2734 742 2887 810 Lib.
2918 743 3005 808 V.
3042 764 3111 828 p.
3152 761 3306 827 254.
3408 763 3474 811 ν.
3526 767 3591 812 2.
3637 747 3759 814 Pro
3802 749 4013 828 ἄνδρων

1197 891 1206 900 ·
1341 857 1655 933 κνώδαλα,
1703 869 1870 919 recte
1931 852 2036 920 Br.
2083 861 2283 926 νυκτὸς
2323 880 2415 921 κν.
2474 871 2537 921 et
2592 855 2673 922 fic
2726 858 2997 939 Grotius
3031 878 3064 924 e
3092 859 3259 926 Cod.
3292 859 3618 944 Palatino,
3666 881 3869 944 neque
3901 861 4015 944 ali-

1341 979 1438 1032 tet·
1472 967 1726 1033 Gruteri
1760 971 1882 1038 Ex.
1991 989 2059 1036 v.
2105 985 2169 1050 5.
2231 966 2349 1034 Βϊ.
2399 973 2497 1040 καὶ
2536 976 2593 1040 τὶ
2634 977 2771 1055 πρὸς
2812 978 3113 1054 ἠλακάτην
3154 974 3335 1044 αὐδῶ.
3381 976 3487 1044 Sic
3523 979 3843 1047 Leonidas
3885 978 4011 1044 Ta-

1336 1084 1620 1150 rentinus
1659 1086 1828 1166 apud
1893 1081 2274 1150 Erunckiurn
2314 1085 2511 1152 Tom.
2564 1107 2621 1151 1.
2658 1109 2726 1170 p.
2770 1107 2920 1169 241.
2966 1092 3067 1155 xm·
3110 1114 3169 1155 τι
3211 1093 3346 1170 ’.τρὶς
3387 1096 3693 1169 ἠλακάτην
3734 1119 3795 1160 κ·
3830 1118 3897 1162 τ.
3939 1109 4005 1162 λ.

1337 1197 1502 1286 Vide
1529 1199 1780 1282 Jacobs.
1813 1215 1876 1264 et
1913 1198 2308 1267 Mansonem.
2339 1202 2560 1270 Locus
2594 1204 2990 1286 depravatus·
3056 1197 3289 1285 (Recte
3330 1202 3659 1286 Jacobfius
3712 1207 4008 1292 scaligeri

1341 1314 1570 1398 probat
1611 1317 2084 1398 conjecturam:
2125 1321 2484 1398 Καίτσιπρὲς
2519 1325 2578 1387 τί
2608 1321 2808 1396 μάτην
2834 1321 3024 1396 κύδῶς
3080 1315 3203 1399 L.)
3261 1319 3416 1384 ibid.
3463 1324 3559 1388 καὶ
3606 1327 3765 1400 θῆρες
3820 1325 4009 1400 drey-

1334 1456 1488 1500 κτοι.
1530 1431 1680 1497 vid.
1731 1430 2077 1498 Ruhnken.
2115 1435 2190 1498 ad
2229 1432 2557 1499 Timaeum
2602 1452 2667 1516 Ρ.
2714 1449 2867 1513 250.
2918 1431 3043 1496 Ed.
3096 1453 3319 1500 novae.
3369 1434 3474 1501 Sic
3504 1435 3671 1516 apud
3706 1433 4003 1516 Euripid-

1334 1545 1531 1616 Herc.
1589 1547 1740 1615 Fur.
1797 1566 1864 1614 v.
1934 1553 2084 1631 835.
2147 1553 2455 1630 3215.me
2479 1552 2681 1630 κᾳιρδίαι
2742 1561 2807 1613 et
2840 1548 3009 1629 apud
3044 1548 3323 1614 Lucian.
3362 1547 3425 1617 in
3468 1547 3653 1614 Alex.
3687 1546 3887 1614 Tom.
3932 1569 3998 1615 2.

1334 1680 1410 1745 p.
1456 1683 1607 1745 233.
1657 1662 1888 1727 dicitur
1945 1664 2266 1746 Epicurus
2325 1663 2552 1729 molliri
2616 1662 2860 1729 nescius
2912 1654 3224 1742 ἱτεγκτοξ.
3288 1661 3465 1728 Voce
3504 1661 3649 1728 usus
3686 1677 3782 1728 est
3816 1666 3999 1730 etiam

1341 1775 1716 1842 Plutarchus
1771 1777 2034 1844 Consol.
2093 1782 2170 1844 ad
2217 1779 2523 1860 Apollon·
2584 1798 2654 1858 p.
2727 1781 2872 1858 178.
2931 1777 3132 1845 Conf.
3192 1778 3340 1844 item
3375 1779 3601 1844 Suidas
3646 1777 3713 1842 in
3749 1795 3909 1844 voce
3942 1792 4003 1843 et

1338 1891 1631 1958 Huschk.
1676 1893 1868 1958 Anal.
1911 1891 2078 1958 Crit.
2125 1911 2196 1974 p.
2243 1909 2353 1976 45.

1425 2007 1556 2091 Ep.
1599 2027 1665 2091 9.
1712 2027 1778 2074 v·
1831 2027 1890 2072 1.
1941 2030 2004 2073 2.
2052 2009 2204 2072 Vid.
2250 2006 2607 2075 Casaubon.
2654 2005 2731 2072 ad
2777 2005 3107 2079 Theocrit.
3151 2031 3222 2094 p.
3262 2031 3411 2092 242.
3501 2025 3567 2072 v·
3598 2019 3662 2086 5.
3714 2003 3997 2088 φθέγξαι.

1345 2123 1601 2208 Sicjam
1638 2125 1929 2193 Ald.P1·.
1974 2125 2120 2192 Em.
2165 2139 2229 2188 et
2269 2125 2410 2190 Sec.
2502 2143 2568 2188 v.
2608 2125 2675 2188 6.
2720 2123 2829 2192 Br.
2875 2133 3140 2210 κινήσεις.
3228 2145 3272 2192 v
3346 2143 3410 2206 7.
3453 2121 3561 2186 Bt.
3564 2126 3760 2248 ‚3⁴9ss
3797 2114 4000 2185 Conf.

1333 2241 1610 2310 Pierson.
1657 2241 1994 2309 Verosimil
2037 2241 2188 2309 Lib.
2243 2263 2306 2307 2.
2353 2259 2416 2307 c.
2456 2259 2519 2322 7.
2568 2255 2635 2318 Ρ.
2685 2260 2835 2333 221.
4020 2312 4028 2332 ι

1423 2357 1553 2445 ΕΡ.
1577 2377 1711 2424 10.
1755 2376 1824 2425 v.
1877 2378 1936 2424 1·
1983 2359 2091 2427 Bt.
2149 2361 2272 2428 Ναὶ
2329 2361 2468 2426 τὸν.
2528 2355 2691 2421 Ibid.
2752 2368 3035 2438 χαροποΐς
3076 2357 3153 2426 ἓν)
3195 2358 3439 2435 κύμασι.
3484 2349 3684 2418 Conf·
3726 2349 3875 2415 Lib.
3936 2369 3998 2416 1.

1340 2470 1429 2537 T.
1493 2475 1596 2554 38.
1639 2470 1768 2552 Ep.
1823 2489 1886 2552 5.
1935 2471 2024 2536 Τ.
2070 2490 2177 2553 57.
2221 2469 2347 2554 Ep.
2394 2491 2456 2553 3.
2499 2484 2561 2534 et
2610 2487 2712 2534 10.
2778 2467 2848 2533 h.
2900 2471 2948 2534 l.
2987 2471 3117 2553 Ep.
3178 2491 3326 2536 120.
3452 2449 3520 2534 wi.
3572 2488 3635 2532 2.
3679 2467 3777 2534 De
3834 2465 4002 2550 Try-

1340 2588 1532 2670 pheta
1572 2587 1700 2652 vid.
1767 2586 1921 2654 Lib.
1963 2607 2024 2671 3.
2068 2585 2208 2653 Tit.
2268 2607 2371 2652 12.
2440 2587 2569 2670 Ep.
2622 2604 2724 2650 11.

1421 2703 1557 2787 Ep·
1609 2723 1712 2770 12.
1760 2702 1926 2770 Vide
1961 2706 2038 2770 de
2067 2701 2188 2770 hoc
2211 2705 2674 2788 Epigrammate
2707 2701 2925 2770 Burin.
2968 2705 3107 2772 Sec.
3136 2705 3213 2771 ad
3245 2704 3531 2784 Propett.
3586 2699 3740 2766 Lib.
3780 2721 3849 2781 4.
3892 2699 3999 2766 El.

1343 2837 1409 2904 5·
1455 2842 1524 2888 V·
1567 2841 1678 2904 49·
1810 2839 1877 2887 V·
1949 2838 2008 2885 1·
2057 2821 2162 2885 Br-
2211 2821 2503 2900 ἥῦλητρὶς·
2592 2835 2661 2883 v·
2714 2837 2774 2900 3.
2822 2823 3182 2898 βαλλάντιον
3220 2820 3569 2901 recepimus
3602 2836 3751 2882 cum
3801 2817 4011 2898 Brun-⁴

1340 2937 1512 3003 ckio.
1557 2937 1723 3004 Nam
1753 2936 1840 3002 ita
1866 2934 2052 3000 etiam
2100 2929 2224 3003 Ed.
2267 2933 2481 3000 Prine.
2537 2947 2599 2999 et
2646 2933 2903 3002 Gruteri
2935 2937 3060 3006 Ex.

1429 3052 1561 3134 Ep.
1617 3073 1722 3135 13.
1771 3072 1838 3117 ν.
1891 3069 1954 3117 1.
1997 3052 2343 3122 ’Λνθοδίσιιτε
2368 3050 2433 3117 id
2474 3065 2571 3117 est
2602 3054 2734 3120 ἐν’
2694 3082 2767 3120 ιν
2744 3054 2887 3119 vasae
2913 3054 3279 3132 διαιτωμένῃ.
3324 3050 3478 3117 Vid.
3516 3049 3743 3117 Manso
3778 3069 3847 3133 Ρ.
3888 3068 4002 3129 41.

1342 3189 1418 3235 v-
1469 3188 1530 3253 3.
1578 3168 1682 3235 Br.
1731 3169 2098 3244 δυσύποιςσν,
2131 3183 2319 3246 quam
2352 3167 2681 3232 lectionem
2722 3164 2993 3247 probant
3020 3166 3245 3233 Mauso
3278 3186 3347 3248 Ρ
3390 3187 3501 3248 41.
3538 3180 3599 3230 et
3624 3164 3991 3249 Jacobfius,

1339 3302 1551 3369 neque
1589 3284 1766 3349 aliter
1801 3280 2109 3347 Grotius:
2154 3281 2465 3368 ,Quaeque
2488 3282 2681 3366 ferat
2714 3280 2953 3347 nullus.
3000 3284 3090 3349 At
3129 3284 3319 3348 mihi·
3304 3298 3520 3367 ignota
3557 3302 3702 3348 vox
3743 3278 4006 3353 ’Τποιςδς

1339 3418 1437 3468 est
1493 3403 1658 3485 apud
1718 3399 2020 3483 stephan.
2085 3398 2247 3470 Lex.
2307 3397 2510 3465 Tom.
2570 3418 2635 3465 2.
2682 3419 2763 3482 Ρ.
2836 3400 3027 3465 1262.
3084 3404 3331 3475 δυσοιςός
3389 3400 3557 3479 apud
3614 3394 4002 3476 Stephanum

1337 3517 1523 3602 (Hoc
1558 3518 1742 3586 offert
1783 3518 1952 3584 Cod.
1988 3516 2188 3583 Palat.
2227 3511 2355 3595 L.)
2488 3530 2555 3579 v.
2598 3532 2669 3595 4.
2698 3516 2921 3596 κέντρον
2948 3516 3146 3593 ἔρωτος
3179 3518 3323 3596 ἔχει.
3404 3514 3505 3580 De
3543 3512 3769 3593 apibus
3804 3524 4003 3574 trans·

1333 3636 1530 3700 latum
1568 3638 1788 3718 κέντρον
1829 3634 1908 3697 ad
1959 3629 2366 3710 Cupidinem·
2410 3626 2561 3694 vid.
2604 3628 2915 3692 Valcken.
2964 3628 3039 3689 ad
3078 3628 3377 3708 Euripid.
3416 3628 3687 3710 Hippoi.
3733 3643 3802 3706 p.
3850 3636 3999 3707 305.

1343 3768 1411 3812 2.
1455 3749 1542 3813 A.
1592 3765 1654 3815 et
1707 3746 2142 3812 Elmenhorst.
2185 3744 2264 3809 ad
2297 3741 2683 3825 Appuleium
2738 3740 3006 3805 Metam.
3054 3738 3207 3806 Lib.
3264 3764 3329 3807 2.
3392 3764 3462 3828 p.
3526 3756 3670 3826 113.
3802 3758 3867 3803 v·
3933 3752 4001 3817 5.

1341 3860 1456 3926 Bt.
1496 3866 1654 3928 τοῦτ’
1694 3857 1899 3934 εἶπας..
1945 3859 2014 3928 ἴθι
2061 3861 2343 3941 <psalmes
2388 3871 2452 3922 et
2488 3854 2572 3923 sic
2606 3854 2865 3921 Gruteri
2902 3856 3028 3923 Ex.
3075 3872 3141 3922 et
3192 3856 3420 3929 Mauso
3458 3880 3531 3943 p.
3567 3876 3678 3940 41.
3722 3836 4003 3922 salmasii

1341 3990 1598 4057 quoque
1630 3971 2126 4039 emendationes:
2169 3973 2297 4041 Na)
2334 3973 2506 4040 aonia
2523 4013 2544 4046 ‚
2586 3954 2749 4040 rovr’
2794 3968 2998 4046 εἶπας.
3673 3992 3681 3995 ·

1419 4088 1552 4172 Ep.
1606 4104 1708 4165 14.
1753 4103 1822 4152 v.
1881 4106 1945 4152 2.
1999 4086 2107 4152 ssr.
2149 4090 2434 4163 &videt
2490 4102 2557 4150 v.
2607 4103 2675 4167 3·
2718 4085 2903 4158 τόνοις
2946 4085 3047 4153 καὶ
3082 4084 3269 4168 ἔρωτι.

1413 4204 1549 4288 ΕΡ.
1603 4217 1706 4283 15.
1751 4200 1848 4267 De
1886 4202 2009 4269 hoc
2047 4202 2275 4286 Epigr.
2315 4202 2447 4269 vid.
2508 4200 2777 4266 Ruhnk.
2840 4198 3059 4282 Epist.
3091 4198 3274 4265 Crit.
3319 4217 3389 4282 p.
3444 4214 3597 4281 297.
3657 4206 3721 4260 et
3770 4190 3985 4260 Burni.

1328 4322 1470 4388 sec.
1499 4318 1576 4384 ad
1609 4316 1894 4399 Propert.
1941 4317 2096 4385 Lib.
2141 4338 2202 4386 1.
2237 4319 2350 4386 Ei.
2396 4336 2497 4400 13.
2542 4336 2609 4383 v.
2662 4334 2767 4399 17.
2900 4334 2968 4382 v.
3011 4308 3231 4398 3.'Pro
3256 4320 3521 4399 zetum
3566 4310 3673 4376 Bt.
3722 4319 3817 4379 νῦν
3864 4311 4002 4391 χεῖ·

1323 4450 1476 4502 λεσι.
1553 4432 1652 4497 De
1691 4431 1869 4497 labiis
1900 4433 2176 4499 animam
2211 4431 2699 4499 conciliantibus
2742 4430 2873 4497 vid.
2921 4431 3152 4497 Heins-
3202 4430 3282 4494 ad
3326 4426 3661 4493 Claudian.
3710 4424 3998 4509 Epithal.

1326 4545 1580 4611 Palladii
1609 4559 1672 4611 et
1711 4547 1988 4615 Celerin.
2033 4562 2110 4615 v.
2139 4566 2283 4632 132.
2327 4562 2394 4614 et
2422 4550 2500 4617 ad
2524 4546 2741 4619 Ovidii
2777 4546 3049 4618 Metam.
3108 4544 3263 4615 Lib.
3314 4562 3421 4611 10.
3444 4534 3523 4611 'va
3566 4556 3718 4627 559·
3802 4541 3895 4607 1¹²
3932 4550 3996 4604 ‘²²

1329 4660 1635 4730 Mantissa
1685 4683 1751 4730 2.
1815 4661 1958 4730 Tit.
2000 4682 2072 4744 4.
2130 4660 2261 4747 Ep.
2309 4665 2425 4747 64.

1439 4778 1444 4785 ·
2044 4804 2052 4811 ³
3871 4769 3997 4848 τῖεν
