4750 6000
1163 545 1299 620 'xvt
2067 543 3147 618 LAUDATIO

1093 751 1142 806 .·
1174 747 1382 814 Vetus
1453 745 1652 834 stabat
1723 741 1926 810 adhuc
1989 745 2366 826 vigebatque
2420 746 2802 828 respublica.
2894 749 3079 816 Foris
3134 766 3258 833 pax
3324 763 3500 835 erat-3
3560 751 3733 818 domi
3794 752 4021 836 copia,

1174 895 1402 978 quies,
1475 895 1786 960 hilaritas.
1875 893 2181 960 Nondum
2260 896 2442 959 triste
2511 909 2703 977 caput
2771 900 3073 964 extulerat
3138 900 3480 966 discordia.
3571 900 4023 966 Amstelodami

1170 1043 1418 1123 quidem
1476 1040 1808 1127 sing'ulans
1869 1059 1999 1109 erat
2052 1043 2645 1112 honestissimorum
2693 1046 2925 1113 civium
2991 1067 3341 1116 consensus
3396 1051 3463 1115 in
3522 1051 3753 1115 tuenda
3804 1058 4021 1112 aucto·

1167 1187 1345 1254 ritate
1405 1191 1844 1273 optimatium,
1894 1207 1965 1257 ut
2015 1189 2324 1276 praesidio
2380 1213 2599 1262 contra
2638 1195 2843 1277 plebis
2882 1195 3193 1263 licentiam
3245 1211 3310 1264 et
3366 1197 3775 1280 impotentem
3826 1197 4017 1263 unius

1168 1332 1584 1401 dominatum.
1675 1332 1922 1416 Agmen
1983 1333 2066 1398 ita
2125 1334 2528 1416 sentientium
2593 1333 2863 1400 ducebat
2914 1333 3359 1418 Burmannus,
3420 1335 3607 1403 cuius
3666 1355 3860 1421 super
3918 1339 4016 1405 hi-

1163 1480 1360 1546 storia
1409 1482 1639 1565 patriae
1703 1482 2006 1548 lectiones
2032 1530 2056 1563 ‚
2117 1483 2184 1548 in
2239 1447 2535 1550 notandis
2588 1482 2942 1566 principum
3006 1483 3337 1566 plebisque
3386 1482 3563 1548 vitiis
3622 1482 3843 1547 acriter
3879 1498 4018 1546 ver·

1165 1637 1416 1704 santes,
1489 1624 1588 1688 uti
1663 1641 1945 1706 magnam
2013 1621 2327 1687 habebant
2395 1637 2619 1686 causae
2699 1619 3100 1703 optimatium
3180 1621 3785 1689 commendationem
3814 1669 3840 1704 ,
3928 1626 4012 1694 ita

1165 1769 1452 1882 maximao
1489 1770 1792 1856 affluentia
1845 1768 2313 1837 celebrabantur
2361 1769 2767 1850 auditorum,
2824 1787 2962 1834 non
3024 1769 3319 1867 iuvenum
3366 1770 3612 1852 modo,
3679 1769 3793 1834 sed
3846 1767 4014 1836 viro-

1166 1937 1304 1996 rum
1397 1917 1579 1984 etiam
1660 1938 1729 1984 ac
1807 1937 2026 1986 senum
2063 1964 2087 2001 ,
2191 1917 2386 1986 ferme
2462 1918 2585 1984 loci
2664 1937 2733 1982 ac
2826 1916 3149 2001 dignitatis
3235 1912 3567 1999 splendore
3686 1913 4013 1994 amplissi-

1159 2081 1432 2132 morum.
1513 2063 1738 2146 thue
1801 2065 2048 2133 scholas
2122 2083 2224 2132 eas
2281 2067 2727 2133 iuben-tissime
2786 2087 3007 2134 omnes
3077 2066 3460 2146 audiebant,
3532 2063 3615 2128 ita
3672 2044 3771 2124 res
3828 2053 4013 2118 etiam

1157 2208 1222 2272 in
1277 2205 1353 2270 iis
1415 2219 1715 2272 tractatas
1787 2205 2222 2287 cupidissime·
2250 2207 2549 2288 posthaec
2616 2205 3014 2286 recolebant,
3079 2205 3216 2272 sive
3286 2203 3557 2270 lectione
3618 2199 3891 2282 quisque
3944 2211 4011 2264 et

1159 2353 1687 2424 commentatione
1744 2353 2126 2432 domestica,
2187 2353 2320 2418 sive
2390 2366 2462 2417 ut
2515 2352 2857 2421 amicorum
2920 2351 2985 2416 in
3063 2349 3315 2420 circulis
3389 2363 3825 2432 argumentum
3882 2341 4009 2416 hoc

1153 2505 1459 2570 sermonis
1538 2525 1607 2571 ac
1684 2503 2129 2588 disputationis
2207 2504 2511 2573 facerent.
2600 2503 2756 2570 Inde
2832 2501 3023 2569 latius
3104 2502 3172 2568 in
3254 2501 3389 2567 dies
3462 2501 3619 2568 illud
3702 2499 4003 2566 historiae

1154 2648 1392 2719 Patriae
1452 2655 1728 2723 studium
1797 2657 2119 2736 manavit,
2155 2655 2260 2721 ita
2318 2641 2570 2734 tamen,
2615 2641 2998 2716 ut'maxime
3044 2665 3142 2713 res
3200 2629 3681 2730 per-sequeretur
3728 2647 4008 2730 proxime

1151 2795 1491 2879 superioris
1567 2796 1822 2860 saecu-li.
1913 2794 2233 2896 Nimirum
2309 2806 2439 2858 erat
2508 2787 2812 2856 omnibus
2876 2787 2945 2852 in
3026 2803 3133 2852 ore
3198 2785 3421 2852 Grotii
3491 2787 4007 2874 Barneveldiique

1156 2959 1388 3023 causa,
1441 2943 1637 3009 huius
1703 2961 1883 3012 saeva
1943 2962 2114 3011 mors
2177 2943 2501 3026 damnati,
2568 2941 2737 3009 illius
2798 2959 3053 3024 carcer,
3120 2939 3363 3027 fuga‚·
3400 2943 3733 3027 exsilium3
3800 2959 4007 3027 neque

1154 3086 1448 3172 frequens
1521 3089 1730 3155 minus
1793 3086 2168 3154 Wittiorum
2214 3084 2523 3167 fratrum,
2582 3100 2930 3167 eorumque
2998 3083 3274 3155 lanienae
3328 3086 3565 3151 mentio
3624 3102 3777 3154 erat.
3870 3088 4003 3162 Lo·

1155 3258 1300 3307 cum
1371 3238 1551 3303 etiam
1623 3237 1754 3305 sib'i
1811 3236 2036 3303 heroes
2094 3232 2435 3317 Trompii‚
2493 3233 2866 3317 Ruioerique
2940 3233 3371 3304 vindicabant.
3464 3235 3667 3319 Igitur
3724 3252 4001 3306 oratores

1153 3404 1414 3481 quoque
1473 3400 1534 3450 et
1587 3390 1813 3470 poetae
1867 3404 1998 3451 eam
2055 3385 2573 3453 declamationum
2637 3398 2825 3467 atque
2874 3380 3218 3452 carminum
3274 3383 3586 3451 materiam
3644 3381 3997 3459 habebant,

1154 3530 1393 3613 quique
1455 3539 1632 3593 antea
1687 3525 1903 3591 Musis
1961 3524 2147 3589 unice
2193 3524 2523 3621 litaverant
2576 3523 2861 3607 generosi
2904 3523 3212 3610 iuuenes,
3278 3524 3325 3589 ii
3384 3542 3555 3589 nunc
3610 3520 4001 3586 coniunctim

1149 3669 1508 3739 Patriae
1577 3681 1638 3729 et
1703 3661 1994 3728 Musis
2051 3679 2222 3727 sac-ra
2273 3660 2396 3725 sibi
2458 3657 2735 3727 facienda
2783 3662 3251 3727 existimabant.
3344 3662 3711 3730 Institutum
3766 3679 3843 3726 eo
3882 3680 4001 3728 no·

1151 3818 1320 3884 mine
1388 3812 1746 3880 sodalitium
1805 3812 1934 3876 cito
2002 3811 2162 3877 inter
2215 3812 2460 3879 sodales
2516 3809 2696 3876 etiam
2758 3828 3116 3877 noscan
3174 3811 3454 3893 recepit,
3513 3811 3869 3895 flagrantem
3930 3820 3993 3871 et

1149 3963 1360 4045 ipsum
1407 3982 1625 4028 amore
1696 3962 1996 4045 patriae‚·
2035 3980 2221 4042 quem
2277 3943 2526 4045 optimo
2584 3962 2814 4043 cuique
2872 3980 2907 4027 a
2978 3975 3197 4027 natura
3262 3959 3527 4027 inditum
3590 3969 3883 4024 auxerant
3938 3950 3995 4017 ei

1151 4105 1478 4188 disciplina
1535 4088 1596 4167 et
1651 4098 2032 4165 familiaritas
2091 4098 2456 4165 Burmanni.
2546 4100 2766 4165 Statim
2830 4100 2919 4165 ibi
2994 4118 3261 4182 quoque
3315 4098 3795 4186 praenituerunt
3862 4097 3994 4164 eius

1135 4259 1362 4327 dotes.
1449 4252 1617 4320 Eum
1672 4251 1877 4330 socii,
1935 4248 2489 4331 quoties'Patriae
2540 4250 2887 4331 Musisque
2939 4250 3239 4317 litandum
3298 4250 3520 4333 esset,
3579 4264 3777 4317 unum
3830 4240 3996 4327 opti·

1151 4414 1324 4462 mum
1378 4396 1456 4456 ad
1531 4406 1705 4455 sacra
1767 4384 2043 4451 facienda
2109 4404 2312 4452 vatem
2367 4388 2567 4451 habeb
2582 4402 2735 4469 ant3
2798 4386 2909 4452 ubi
2982 4402 3138 4453 ver-o
3201 4388 3393 4455 sacri-s
3463 4388 3731 4473 pera-ctis
3790 4382 3996 4449 indul·

1154 4542 1422 4623 gendum
1476 4538 1664 4621 gen-io
1733 4520 2087 4615 videretur,
2163 4556 2304 4602 eum
2363 4535 2841 4602 festivissimum
2894 4536 3026 4600 vini
3090 4536 3505 4618 magistrum,
3578 4550 3721 4600 eum
3780 4540 3995 4595 aucto-

1147 4700 1281 4755 rem
1337 4680 1456 4745 sibi
1517 4678 1838 4745 hilaritatis
1901 4676 2309 4763 praecipuum
2375 4694 2507 4743 uno
2566 4693 2677 4741 ore
2730 4691 2951 4741 omnes
3023 4675 3485 4759 agnoscebant.
3560 4673 3651 4733 Ita
3718 4680 3993 4735 Boscffll

3804 4829 3993 4877 maxt-
