4750 6000
1542 538 1628 608 L.
1678 559 1743 624 3·
1791 537 1881 608 T·
1927 540 2217 634 25.-Ep.
2258 559 2343 631 59
2392 579 2458 598 ·-
2499 549 2610 632 65·
3349 562 3438 646 ⁶1

748 735 1042 792 oemcovae.
1160 723 1229 772 v·
1280 707 1345 774 6.
1392 705 1515 775 Pro
1554 705 1695 792 ἄχρι
1736 706 1867 788 βίςυ
1911 705 1976 772 in
2024 707 2295 774 Scholiis
2329 713 2406 778 ad
2444 713 2702 789 Hefiodi
2739 718 3081 812 Theogon.
3147 725 3287 796 init.
3333 749 3430 801 est

750 825 839 906 μὴ
879 825 1105 906 adam,
1150 824 1319 888 unde
1360 821 1677 906 Bentlejus
1721 819 2161 888 restituendum
2216 822 2378 888 vidit
2419 832 2504 905 μὴ
2543 837 2738 914 λόξῳ,
2792 839 2968 920 quod
3024 845 3253 926 recepit
3309 847 3417 917 Br.

836 937 971 1022 Ep.
1016 943 1133 1006 60.
1196 937 1361 1004 Vide
1412 941 1487 1004 de
1537 939 1659 1007 hoc
1706 935 2171 1021 Epigrammate
2208 940 2456 1006 Erasmi
2511 944 2796 1030 Adagia‚
2859 970 2926 1020 v.
2979 953 3153 1038 Ibyci
3199 983 3416 1046 grues,
3463 1027 3468 1033 ⁵

747 1073 821 1137 p.
875 1075 1018 1137 341.
1068 1075 1215 1137 342.
1278 1068 1341 1118 et
1395 1052 1485 1118 ibi
1540 1052 1633 1118 H.
1694 1054 1999 1135 Stephani
2048 1067 2258 1120 notas.
2307 1055 2510 1125 Conf.
2559 1075 2620 1126 et
2677 1061 2836 1130 Gul.
2881 1067 3136 1138 Canteri
3175 1075 3420 1152 Novar.

746 1169 1045 1236 Lection.
1087 1169 1171 1234 L.
1220 1185 1281 1234 1.
1320 1185 1381 1232 c.
1433 1181 1539 1232 12.
1582 1166 1647 1234 in
1678 1167 1939 1244 Gruteri
1977 1168 2297 1251 Lampade
2338 1169 2427 1238 Τ.
2475 1194 2540 1238 2.
2582 1194 2652 1257 p.
2701 1194 2848 1261 527.
2935 1203 3002 1252 v.
3072 1204 3136 1268 5.
3197 1196 3262 1257 6.
3327 1199 3431 1268 Ad

748 1283 875 1350 Ex.
918 1283 1181 1350 Ruhnk.
1225 1327 1282 1364 ,‚
1330 1281 1483 1348 vid.
1524 1284 1690 1352 Dan.
1733 1281 1949 1348 Heius.
1990 1282 2067 1348 ad
2103 1283 2221 1352 Sil.
2255 1286 2396 1356 Ital.
2432 1287 2522 1356 L.
2559 1311 2621 1356 2·
2659 1313 2726 1359 v.
2769 1298 2972 1379 551.”
3013 1302 3137 1368 Adi
3177 1321 3238 1374 et
3270 1309 3427 1380 Dra·

747 1397 1229 1466 kenborchium.
1320 1397 1445 1463 Pro
1482 1401 1731 1475 ποινιὶτις
1770 1395 1837 1462 in
1872 1415 1938 1465 V.
1972 1413 2037 1478 5.
2080 1397 2188 1465 Br.
2228 1411 2389 1480 ποι-νῆ
2427 1427 2542 1478 τις.
2631 1427 2702 1474 ν.
2749 1428 2815 1491 9.
2864 1412 3070 1482 Docte
3099 1419 3418 1496 Brodaeua

748 1511 874 1578 hoc
910 1512 987 1578 ad
1026 1525 1228 1588 vatem
1270 1511 1505 1594 refert,
1554 1531 1739 1595 quem
1796 1511 1967 1593 apud
2018 1512 2611 1601 clytemnaestram‚
2675 1529 3001 1596 custodem
3065 1535 3257 1616 ipfius
3297 1563 3421 1627 pu-

744 1627 1023 1708 dicitiae,
1064 1629 1396 1708 reliquerat
1433 1629 1910 1713 Agamemnon,
1957 1641 2115 1694 teste
2152 1629 2434 1698 Homero
2472 1633 2702 1719 Odyss.
2739 1653 2809 1710 r.
2857 1646 3006 1726 267.
3036 1652 3185 1716 268.

830 1741 961 1824 Ep.
1006 1743 1115 1808 61.
1174 1742 1284 1808 Bt.
1330 1744 1631 1824 Θρινακίαν
1668 1743 1986 1822 γενομένην
2029 1758 2093 1810 et
2143 1743 2225 1812 fic
2262 1747 2534 1815 Salmafii
2573 1767 2782 1822 notae.
2895 1779 2958 1825 v.
3007 1779 3070 1846 5.
3117 1765 3236 1835 Pro
3282 1777 3418 1849 5533

742 1879 813 1926 τε
856 1855 963 1920 Br.
1008 1860 1146 1932 ἡδέα
1190 1859 1373 1938 plane
1426 1868 1645 1921 contra
1696 1871 1965 1926 mentem
2019 1859 2275 1942 Groui,
2334 1862 2438 1930 sed
2485 1864 2570 1932 fic
2625 1868 2901 1938 Salmafii
2949 1891 3158 1944 notae.
3259 1887 3420 1972 Epi.

748 1989 1017 2054 gramma
1051 1970 1190 2037 ·hoc
1240 1984 1303 2034 et
1362 1966 1629 2051 sequens
1682 1967 1750 2036 in
1796 1972 1974 2040 Edd.
2038 1974 2328 2046 Venistis
2362 1997 2498 2046 non
2535 1982 2834 2066 leguntur
2873 2007 2948 2062 eo
2983 1977 3240 2085 ordine,
3285 2027 3416 2090 quo

745 2087 873 2152 hic.
923 2086 1076 2152 Vid.
1122 2087 1273 2154 Ald.
1321 2085 1465 2150 See.
1514 2105 1585 2168 p.
1640 2085 1787 2154 162.
1833 2087 1993 2156 vers.
2497 2135 2502 2138 -

830 2201 963 2290 Ep.
1011 2204 1120 2272 62.
1164 2201 1276 2268 Ad
1324 2201 1427 2268 Ex
1508 2201 1779 2269 Ruhnk.
1835 2217 1901 2269 et
1944 2204 2163 2280 Burni.
2226 2206 2371 2278 Sec.
2441 2258 2499 2296 ,,
2575 2213 2731 2283 Vid.
2803 2221 3118 2296 d’Orvillii
3198 2236 3416 2312 Sicula
3539 2281 3548 2293 ·

744 2339 808 2386 c.
844 2316 1023 2388 ΧΠΙ.
1064 2337 1135 2399 p.
1173 2317 1376 2400 217.”
1463 2338 1531 2385 v.
1589 2339 1649 2387 1.
1696 2317 1809 2384 Bt.
1850 2327 2201 2403 eumsiron.
2283 2326 2390 2396 Ad
2441 2349 2508 2397 v.
2548 2351 2616 2415 4.
2649 2333 3020 2422 adscriptum
3061 2361 3158 2414 est
3195 2349 3384 2422 Burni

746 2433 1017 2504 Secundi
1057 2451 1245 2500 manu
1282 2441 1356 2513 '‚,
1400 2437 1612 2514 ψυχὰν
1649 2432 1772 2502 ἐνὶ”
1818 2434 2255 2516 (Probandum
2297 2442 2379 2511 δνὶ
2401 2490 2426 2525 ,
2475 2451 2649 2528 quod
2683 2467 2747 2517 et
2780 2453 2948 2524 Cod.
2987 2433 3135 2531 Vat'.
3171 2435 3408 2555 habet:

744 2568 879 2618 non
922 2549 1069 2613 item
1110 2552 1341 2628 ψυχά..
1384 2547 1616 2614 Sensus
1657 2561 1753 2614 est
1788 2569 1807 2617 z
1855 2549 2083 2618 Anima
2102 2563 2143 2636 ,'
2174 2574 2333 2636 quae
2391 2561 2572 2640 prius
2613 2561 2814 2634 fuerat
2849 2569 3154 2663 Homeri,
3198 2585 3417 2657 denuo

744 2665 1193 2732 habitationem
1233 2660 1347 2730 fibi
1389 2659 1690 2745 quaesivit
1728 2665 2051 2750 (ᾠκίσατε)
2090 2668 2155 2736 in
2191 2668 2530 2741 Stefichori
2562 2681 2928 2760 pectoribus
2963 2687 3090 2775 L.)

829 2781 963 2864 Ep.
1010 2782 1123 2863 63.
1187 2779 1351 2846 Vide
1410 2775 1622 2844 Wolf.
1683 2779 1759 2846 ad
1814 2778 2057 2866 Sapph.
2121 2785 2371 2872 Fragm.
2434 2809 2505 2873 p.
2549 2797 2668 2861 128
2709 2811 2772 2864 et
2818 2819 2966 2887 129.
3055 2827 3124 2876 v.
3178 2831 3242 2881 1.
3284 2817 3412 2889 Pro

744 2901 935 2977 mma,
974 2915 1097 2964 nos
1138 2900 1347 2979 κωφὸν
1366 2939 1391 2975 ,
1438 2893 1587 2974 quia
1623 2891 1705 2960 fic
1746 2895 1961 2980 legisse
2000 2899 2249 2970 videtur
2280 2903 2580 2976 Grotius.

828 3012 959 3096 Ep.
1008 3016 1115 3095 64.
1163 3012 1531 3095 Super—hoc
1562 3010 1705 3079 vide
1745 3012 2057 3083 Wolfiutn
2090 3020 2171 3101 ati
2204 3021 2500 3107 Sapphus
2554 3022 2802 3113 Fragm.
2849 3054 2920 3117 p.
2983 3044 3131 3107 128.
3221 3064 3288 3114 v.
3339 3072 3404 3122 2.

742 3128 847 3195 Ad
882 3132 1007 3199 Ex.
1068 3130 1343 3197 Ruhnk.
1386 3176 1442 3211 „
1490 3130 1667 3199 Citat
1708 3128 1935 3199 Suidas
1984 3152 2053 3199 v.
2090 3144 2504 3222 Μιτυληνκίαι,
2565 3148 2740 3225 quod
2775 3146 2942 3235 fugit
2987 3156 3411 3234 Kusterume’

744 3262 809 3311 v.
862 3264 897 3327 3
940 3260 1005 3311 et
1044 3266 1113 3328 4.
1160 3245 1268 3313 Ad
1297 3246 1424 3313 Ex.
1468 3245 1736 3314 Ruhnk.
1798 3293 1857 3331 „
1898 3249 2165 3335 Legitur
2202 3258 2371 3337 apud
2405 3256 2699 3343 Suidam,
2744 3284 2810 3331 v.
2855 3272 3094 3345 ληθρδῶν
3137 3294 3206 3357 p.
3249 3286 3401 3365 438.

741 3380 809 3427 v.
861 3378 925 3443 5.
972 3366 1257 3431 Μωσὲων
1294 3362 1466 3430 Edd.
1502 3362 1681 3429 Vett.
1725 3380 1787 3430 et
1824 3363 1911 3431 fic
1954 3369 2213 3436 omnino
2252 3372 2606 3457 legendum.
2699 3386 2972 3451 Mcvolm
3021 3389 3400 3475 Stephanus.

741 3476 865 3542 Pro
910 3478 1159 3555 αἰτήσεις
1203 3478 1313 3544 Br.
1343 3484 1557 3562 ἐπὶσψς
1580 3526 1607 3561 ‚
1648 3497 1726 3549 ut
1759 3481 1836 3547 ad
1872 3480 1999 3549 Ex.
2042 3482 2301 3554 Gruteri
2338 3505 2401 3556 et
2437 3488 2506 3559 in
2539 3493 2814 3562 Salmassi
2851 3502 3042 3570 notis.
3131 3511 3238 3577 Ad
3276 3516 3402 3587 Ex.

741 3580 1009 3657 Ruhnk.
1057 3634 1117 3670 „
1158 3614 1259 3673 γρ.
1306 3591 1606 3675 Ιτάσῃς.”
1692 3616 1761 3662 v,
1812 3616 1876 3678 7.
1922 3596 2035 3665 Br.
2074 3602 2287 3671 Ἀΐδεω
2325 3606 2588 3687 σκότον..
2667 3628 2734 3676 v.
2763 3614 2826 3677 8.
2847 3614 2952 3681 Ad
2981 3618 3105 3686 Ex.
3137 3623 3401 3703 Ruhnk.

743 3707 1072 3792 „Studiis
1115 3725 1183 3771 v.
1226 3711 1495 3777 νώνυμοι.
1540 3728 1611 3791 p.
1663 3712 1861 3793 3673’
2767 3748 2774 3777 ι

828 3822 961 3905 Ep.
1010 3824 1120 3903 65.
1168 3820 1333 3886 Vide
1354 3820 1659 3893 Woffium
1700 3830 1779 3893 ad
1800 3828 2095 3912 Sapphus
2114 3830 2361 3915 Fragm.
2397 3852 2468 3919 p.
2513 3858 2661 3924 131.
2705 3857 2770 3910 et
2787 3844 2966 3931 supra
2985 3870 3106 3922 nos
3131 3859 3208 3925 ad
3227 3858 3312 3927 L.
3339 3882 3397 3931 1.

748 3936 840 4001 T.
886 3938 994 4017 67.
1042 3938 1170 4019 Ep.
1220 3939 1283 4003 8.
1370 3936 1444 4004 In
1476 3942 1705 4025 priscis
1744 3944 1915 4011 Edd.
1958 3946 2083 4014 boc
2120 3948 2520 4034 Epigramma
2551 3974 2683 4024 non
2725 3958 3064 4035 invenitur.
3153 3972 3224 4040 In
3249 3976 3399 4048 Alci.

748 4050 891 4119 Sec.
930 4052 1157 4135 legitur
1193 4069 1263 4133 p.
1314 4054 1461 4137 163.
1570 4076 1636 4123 v.
1693 4078 1751 4127 1.
1802 4082 1868 4127 2.
1914 4062 2021 4129 ΒΥ.
2086 4064 2284 4135 ἀοιδᾶν
2326 4080 2609 4147 omrem.
2715 4076 2972 4148 Inseruit
3025 4086 3128 4151 hic
3185 4090 3405 4164 Burm.

745 4166 889 4232 Sec.
928 4166 1245 4249 Antipatri
1294 4170 1427 4251 Ep.
1485 4172 1787 4243 ineditum
1834 4180 1911 4245 de
1970 4178 2348 4265 sapphone,
2392 4184 2578 4269 cuius
2619 4189 2870 4263 initium
2902 4198 3144 4283 profert
3183 4206 3398 4278 Heins.

743 4286 823 4349 ad
860 4282 1051 4351 Ovid.
1089 4305 1146 4347 2.
1186 4284 1333 4354 Am.
1381 4291 1487 4354 18.
1525 4293 1631 4357 26.
1682 4314 1698 4327 ·

1058 4401 1301 4477 Σαπφώ
1342 4426 1425 4467 τοι
1460 4405 1671 4479 novule
1703 4408 1857 4491 χθὼν
1894 4410 2055 4479 Aba&
2074 4452 2105 4487 v
2142 4410 2247 4486 τῆν
2282 4416 2444 4491 μετὰ
2485 4426 2712 4501 μοῦσαν

1151 4513 1481 4581 'Aldus-ow
1522 4518 1731 4585 θνατὸν
1774 4528 1999 4597 μοῦσαν
2034 4524 2392 4603 isambar-
2501 4602 2512 4615 ,

1053 4616 1169 4687 'Au
1213 4624 1425 4704 Κύπρις
1466 4628 1565 4693 καὶ
1598 4628 1779 4709 Ἔρως
1820 4636 1923 4701 σὺν
1962 4631 2371 4726 ἀπ’·ἓτραιφον
2397 4682 2421 4723 ,
2465 4644 2532 4726 ἧς
2570 4644 2732 4726 μετὰ
2767 4650 2945 4720 Πειθὼ

1123 4734 1381 4803 'Errare'
1420 4740 1648 4824 ἆείζωον
1686 4746 1943 4831 11aeva
1979 4732 2258 4831 cispano».

1990 4858 2023 4925 I
2070 4880 2109 4926 2
3171 4884 3178 4889 '
3254 4880 3402 4959 Ἔχ..
