4750 6000
1151 543 1213 616 L
1271 545 1341 614 6.
1387 539 1479 614 Τ.
1529 561 1631 618 u·
1680 546 1812 634 Ep.
1863 565 1894 616 1
1944 563 2006 618 et
2047 547 2227 634 seqq.
2273 545 2364 618 Τ.
2419 563 2523 616 12.
2570 545 2701 632 Ep.
2758 559 2975 629 1—7.
3278 563 3397 630 129
3542 523 3552 534 ⁴

731 757 789 798 ,‚
828 741 926 798 γρ.
965 716 1076 798 ,φή
1120 713 1234 766 -”·
1301 716 1486 808 ‘quod
1543 735 1674 800 quo
1717 717 2023 798 pertineat
2067 719 2318 802 ignoro.
2447 735 2516 784 v.
2592 735 2696 783 12.
2764 713 2870 781 Ad
2928 713 3055 784 Ex.
3122 712 3392 782 Ruhnk.

729 876 783 911 ‚,
822 831 1002 898 Citat
1047 831 1270 898 Suidas
1315 851 1383 896 v.
1417 834 1714 910 ιφεδκνῶν
1736 879 1760 914 ,
1805 837 1981 916 quod
2019 835 2184 919 fugit
2225 832 2640 902 Kusterum”.
2728 829 2825 897 I'oi
2850 828 3129 911 ὄμβριμον
3150 875 3175 910 ,
3216 827 3419 914 quod·

717 948 952 1028 recepit
994 941 1376 1018 Brunckius.
1448 944 1712 1030 Toupio
1749 953 1886 1018 vol.
1941 965 2006 1033 3.
2049 971 2115 1034 p.
2177 954 2326 1030 184.
2371 946 2609 1030 placuit
2652 945 2903 1028 vulgata
2940 941 3203 1026 ὄβριμον.
3322 961 3390 1012 v.

729 1065 835 1126 18.
883 1061 988 1127 Br.
1031 1067 1241 1138 ἐδίνησε
1281 1075 1346 1126 et
1428 1078 1491 1128 v.
1542 1037 1647 1141 19.
1687 1067 2104 1144 inanimo-e.
2230 1084 2300 1132 v.
2367 1081 2481 1130 21.
2542 1063 2725 1138 ἀήθεα
2784 1057 2939 1122 Vid.
2986 1054 3260 1140 Neapoi.
3306 1060 3389 1128 ad
3446 1063 3459 1070 “

724 1174 916 1242 Ovid.
943 1175 1101 1242 Fast.
1129 1175 1211 1242 L.
1234 1161 1394 1257 4Jv.
1429 1196 1581 1259 432.
1663 1195 1732 1243 v.
1772 1195 1878 1258 23.
1923 1179 2030 1244 Ad
2065 1179 2194 1248 Ex.
2223 1175 2493 1244 Ruhnk.
2541 1219 2596 1254 „
2638 1173 2815 1242 Cimt
2842 1170 3065 1238 Suidas
3090 1189 3157 1238 v.
3196 1173 3392 1254 ἀνάγ-

725 1315 838 1372 κη,
883 1290 1058 1371 quod
1087 1289 1270 1356 latuit
1323 1289 1702 1358 Kusterum”
1744 1290 1898 1358 Vid.
1945 1291 2188 1378 Toupii
2219 1294 2383 1362 Cur.
2430 1286 2691 1356 Noviss.
2736 1288 2803 1354 in
2846 1285 3101 1352 Suidatn
3133 1287 3267 1356 vol.
3312 1308 3383 1370 4.

723 1423 793 1488 Ρ.
844 1407 952 1472 2‘8.
1087 1425 1151 1474 V.
1199 1425 1305 1487 24.
1353 1407 1420 1474 in
1461 1406 1740 1474 verfione
1783 1406 1996 1474 Grotii
2041 1409 2261 1476 Codex
2303 1420 2521 1476 noster
2563 1403 2715 1471 MS.
2760 1403 3031 1489 ingenii.

809 1519 940 1602 Ep.
992 1541 1030 1584 2
1104 1540 1176 1586 v.
1227 1543 1292 1587 2.
1339 1521 1446 1588 Ad
1495 1522 1619 1590 Ex.
1669 1521 1936 1590 Ruhnk.
2005 1569 2062 1606 ‚,
2105 1548 2202 1605 γρ,
2251 1517 2649 1604 βουπόμυν”.
2745 1517 2898 1586 vid.
2945 1516 3127 1602 supra
3190 1518 3273 1588 L.
3325 1538 3389 1605 3.

729 1634 869 1702 Tit.
922 1638 987 1702 6.
1033 1635 1168 1718 Ep.
1211 1653 1320 1719 59.
1411 1655 1478 1705 v.
1515 1657 1594 1721 3.
1639 1637 1902 1704 Versum
1948 1637 2013 1704 in
2051 1636 2276 1706 Priscis
2317 1635 2489 1702 Edd.
2534 1633 2825 1712 mutilum
2856 1629 3037 1700 'reete
3076 1633 3389 1720 supplevit

728 1748 890 1814 Gul.
938 1749 1250 1836 Cantetubs
1292 1751 1470 1818 Nov.
1517 1752 1701 1819 Lect.
1747 1750 1834 1817 L.
1883 1771 1948 1835 3.
1993 1771 2054 1818 c.
2103 1772 2214 1836 23.
2259 1749 2491 1834 Lamp.
2545 1748 2711 1822 Crit.
2762 1749 2955 1817 Tom.
3002 1769 3067 1834 3.
3114 1770 3186 1834 p.
3233 1755 3384 1834 585.

664 1923 667 1928 ,
734 1865 912 1944 quod
953 1863 1238 1930 notatum
1301 1883 1362 1932 et
1419 1868 1678 1970 adEx.
1721 1865 1986 1946 Ruhnk.
2031 1868 2176 1936 item
2223 1913 2280 1950 „
2323 1865 2550 1935 Suidas
2590 1883 2659 1932 v.
2702 1863 2991 1946 emma
3033 1877 3095 1930 et
3134 1867 3393 1946 Εὔόυλιί·

730 2005 879 2054 μενοι
903 2023 927 2056 ,
973 1981 1148 2060 quod
1181 1978 1346 2064 fugit
1385 1981 1762 2050 Kusterum’'
1805 1983 1916 2050 Bt.
1961 1987 2439 2067 κατιβρύκοντα.
2486 1979 2633 2044 Vid.
2658 1977 2883 2060 Toup.
2920 1977 3084 2046 Cur.
3124 1976 3385 2046 Noviss.

735 2088 798 2156 in
836 2093 1088 2160 Suidam
1129 2115 1202 2178 p.
1247 2103 1350 2165 18.
1395 2113 1458 2164 et
1501 2119 1568 2184 p.
1610 2119 1723 2182 47.
1815 2119 1886 2164 v.
1926 2119 1994 2180 4.
2043 2097 2150 2162 nr.
2193 2093 2355 2172 αὖτις
2396 2108 2459 2160 et
2494 2092 2580 2160 fio
2598 2095 2721 2160 Ed.
2766 2093 2975 2162 Ptine.
3010 2095 3161 2162 Ald.
3192 2095 3383 2162 Prim.

737 2206 880 2272 sce.
907 2206 1086 2274 Tert·
1117 2224 1178 2276 et
1215 2211 1390 2279 aliae.
1415 2213 1692 2300 Recepta
1713 2214 1900 2282 lectio
1923 2228 2018 2282 est
2051 2212 2218 2294 apud
2237 2209 2625 2294 Stephanum
2646 2225 2709 2278 et
2740 2211 2997 2278 Suidam
3028 2213 3385 2295 ιξύηχος.

731 2340 800 2388 v.
847 2326 914 2389 6.
975 2326 1100 2391 Ed.
1155 2329 1366 2397 Ptine.
1409 2325 1561 2414 εἶδε,
1603 2332 1709 2397 Br.
1751 2325 1888 2402 οἶδε.
1973 2330 2079 2396 Ad
2119 2329 2246 2398 Ex.
2291 2325 2559 2396 Ruhnk.
2640 2373 2695 2412 ,‚
2742 2326 2965 2396 suidas
3026 2345 3097 2394 v.
3152 2327 3387 2412 ἄχθεινιῆ

733 2439 844 2504 ubi
894 2436 1052 2522 εἶδε,
1123 2448 1298 2524 quod
1350 2448 1530 2512 latuit
1579 2442 1996 2516 Kusterum.”

816 2555 942 2642 Ep·
993 2578 1052 2638 3.
1101 2559 1198 2624 De
1254 2560 1376 2627 hoc
1433 2561 1897 2644 Epigrammate
1941 2559 2085 2627 vide
2137 2559 2212 2628 P.
2255 2556 2573 2642 Leopardi
2624 2558 2894 2626 Emend.
2961 2557 3047 2626 L.
3096 2561 3163 2626 6.
3204 2579 3265 2624 c.
3316 2559 3389 2628 6.

731 2689 800 2753 Ρ.
855 2689 1001 2752 149.
1093 2673 1494 2744 Sirmondum
1533 2681 1610 2746 ad
1665 2677 1998 2746 Sidonium
2049 2676 2479 2760 Apollinarem
2536 2695 2607 2758 Ρ.
2676 2679 2823 2742 118.
2875 2673 2967 2741 G.
3014 2671 3384 2740 Wakefield.

730 2786 888 2852 Silv.
933 2788 1156 2878 (Σιῂἰε.
1197 2793 1375 2858 Parte
1409 2813 1476 2874 4.
1533 2814 1602 2876 Ρ.
1659 2811 1807 2875 127.
1939 2810 2008 2859 v.
2061 2811 2122 2858 1.
2161 2790 2428 2862 Ἄλκων.
2480 2789 2579 2858 De
2611 2790 2859 2858 Alcone
2898 2795 3031 2874 egit
3083 2787 3417 2858 Gueilius·

732 2905 808 2970 ad
866 2902 1096 2986 Virgil.
1150 2907 1291 2973 Ecl.
1351 2925 1414 2990 5.
1457 2926 1528 2976 v-
1581 2929 1687 2976 11.
2527 2930 2537 2940 ”

820 3016 962 3089 Tit.
1015 3030 1114 3087 12.
1163 3032 1551 3093 ΙΣΟΨΗΦΛ.
1593 3023 1689 3089 De
1727 3021 1826 3089 his
1860 3021 2002 3087 vide
2043 3016 2370 3086 Mun-etum
2403 3017 2553 3087 Var.
2593 3018 2785 3089 Lect.
2814 3018 2968 3092 Lib.
3019 3029 3127 3105 14.
3160 3040 3225 3089 c.
3276 3040 3385 3106 13.

732 3130 948 3201 Huetii
987 3152 1169 3201 notas
1205 3154 1272 3215 p.
1305 3138 1460 3215 481.
1507 3136 1658 3204 VV.
1683 3138 1834 3207 DD.
1857 3141 1936 3207 ad
1966 3138 2123 3205 Aul.
2161 3137 2334 3203 Geli.
2376 3135 2475 3203 N.
2494 3138 2581 3203 A.
2622 3136 2709 3203 L.
2770 3157 2873 3221 14.
2906 3158 2969 3207 c.
3010 3141 3076 3207 6.
3124 3138 3393 3207 Ruhnk.

731 3252 807 3315 de
849 3252 1127 3319 Doctore
1177 3250 1546 3317 Umbratico
1589 3272 1660 3336 p.
1725 3272 1872 3337 127.
1963 3251 2348 3321 anckium
2400 3250 2586 3319 Lect.
2630 3266 2697 3319 et
2732 3252 2883 3321 Em.
2932 3275 3009 3340 p.
3070 3276 3215 3351 175.

817 3366 946 3449 Ep.
1001 3386 1060 3433 1.
1106 3386 1173 3471 ν.
1225 3386 1286 3450 3.
1331 3374 1412 3441 εἰς
1453 3368 1513 3437 δὲ
1549 3372 1758 3441 νέωτα.
1800 3367 2074 3437 Lucian.
2118 3366 2186 3435 in
2238 3364 2503 3437 Timon.
2548 3388 2619 3453 p.
2670 3373 2821 3439 168.
2878 3376 2941 3444 δε
2982 3366 3166 3437 νέωτα
3216 3386 3389 3438 anno

724 3485 1042 3564 proximo.
2671 3549 2685 3566 ,
2920 3518 2929 3525 -

819 3596 948 3677 ΕΡ·
1000 3616 1062 3677 3.
1106 3616 1174 3665 v.
1223 3620 1285 3664 2.
1329 3601 1492 3680 βοῖων
1531 3606 1694 3679 θῆκεν
1737 3602 1865 3679 iao>
1897 3600 2188 3679 κάλυκας.
2233 3598 2435 3671 Conf.
2483 3598 2571 3667 L.
2629 3618 2695 3684 3.
2752 3592 2841 3664 Τ.
2920 3613 3025 3662 12.
3088 3591 3221 3676 ΕΡ.
3271 3598 3383 3663 28.

725 3704 812 3775 L.
872 3730 940 3790 4.
998 3710 1084 3779 Τ.
1159 3732 1262 3779 12.
1325 3713 1456 3795 Ep.
1511 3732 1622 3799 59.
1667 3716 1754 3785 L.
1804 3736 1870 3799 7.
1911 3717 2042 3801 ΕΡ.
2092 3722 2176 3787 26
2218 3734 2284 3787 et
2323 3718 2457 3803 Ep.
2506 3730 2659 3797 127·

814 3814 1052 3998 Εέἆάιι·
1099 3843 1166 3891 v.
1217 3848 1282 3913 3.
1331 3830 1440 3896 Br.
1490 3839 1807 3917 Μουσέων,
1847 3848 1912 3901 et
1959 3854 2029 3903 v.
2075 3852 2143 3917 4.
2192 3855 2312 3919 pro
2367 3836 2627 3918 vulgato
2678 3831 2870 3904 elmon
2932 3840 3101 3893 tecte
3140 3827 3393 3913 μίμνεϊ.

743 3947 812 3999 Ut
997 3978 1018 3995 .
1056 3947 1210 3997 vett·

707 4048 714 4055 “
816 4050 952 4133 ΕΡ.
994 4065 1058 4133 5.
1104 4067 1173 4114 v.
1216 4066 1286 4130 4.
1331 4044 1578 4123 ssaxtaee
1602 4068 1705 4091 --
1730 4042 2004 4125 eumue.
2061 4044 2364 4131 Euripid.
2420 4048 2873 4135 Hippolyt.2v.
2922 4060 3077 4126 218.
3134 4055 3386 4137 θαλίαις

727 4163 974 4243 laamas.-
1011 4165 1516 4245 ἱγχριμπομένσι.
1562 4154 1812 4224 Hecub.
1877 4175 1945 4224 V.
1988 4177 2104 4241 9ο.
2149 4157 2310 4235 Εἶδον
2351 4174 2473 4246 γῠρ
2506 4168 2735 4243 βαλιὰν
2775 4166 3021 4253 ἔλαφον.
3097 4170 3203 4238 Ad
3250 4166 3380 4235 Ex.
3466 4144 3473 4149 Ι

729 4275 999 4343 Ruhnk.
1090 4284 1146 4355 ,,·
1190 4272 1336 4338 Huc
1374 4270 1538 4339 forte
1580 4270 1840 4357 respexit
1873 4270 2100 4341 suida,
2132 4292 2209 4342 v.
2239 4277 2471 4360 &man
2512 4296 2583 4361 p.
2620 4282 2823 4367 413”,
2880 4283 3006 4353 sed
3038 4284 3179 4351 vide
3212 4282 3389 4351 Kus-

732 4404 849 4459 ter.
895 4392 972 4457 ad
1033 4386 1412 4470 Hesychium
1463 4405 1618 4455 voce
1663 4390 1898 4453 eadem.
2033 4440 2040 4451 .

819 4508 952 4588 Ep.
998 4506 1063 4570 6.
1112 4522 1175 4571 ν.
1227 4521 1289 4568 1.
1333 4498 1436 4575 Εἷς
1479 4504 1616 4581 πρὸς
1659 4499 1762 4565 ἕνα
1801 4500 2084 4585 ψήφοισιν
2121 4504 2413 4591 falcem.
2490 4506 2594 4577 sic
2638 4508 2793 4579 Lib.
2842 4526 2906 4581 1.
2952 4510 3044 4581 T.
3088 4532 3202 4597 44.
3242 4512 3373 4594 Ep.

741 4640 808 4704 3.
855 4624 1081 4701 Δίςιχα
1119 4617 1238 4699 γὰρ
1279 4617 1554 4699 ψῆφεισιν
1591 4613 1879 4695 Ῐσάζιται.
2023 4694 2030 4703 ι

819 4732 952 4817 Ep.
999 4750 1067 4813 7.
1114 4746 1181 4798 v.
1233 4747 1296 4795 1.
1342 4727 1448 4797 Ad
1479 4726 1606 4797 Ex.
1661 4724 1928 4795 Ruhnk.
1974 4748 2080 4809 γρ·
2122 4725 2380 4808 βύβλον.
2462 4793 2469 4806 ,

2053 4832 2121 4903 R
3258 4845 3393 4933 Ep.
