4750 6000
1307 446 1692 586 245·
2164 491 3127 568 AnnENnA

1575 689 1766 756 quam
1815 668 2062 740 Latinis
2122 673 2341 742 valere
2398 671 2703 759 aliquem.
2807 671 3042 742 Miror.
3079 685 3285 739 autem
3346 687 3567 742 omnes
3610 671 3986 762 interpretes

1574 789 1673 854 τὸν
1710 790 1943 870 ἇλιτρὸν
1981 785 2311 854 referentes
2353 787 2430 852 ad
2462 787 2758 852 Amorem
2785 833 2810 869 ,
2856 762 3043 869 duem
3084 791 3293 854 tamen
3333 787 3830 872 Epigrammatis
3861 794 3987 862 ini·

1573 900 1669 967 tio
1727 913 1912 980 poeta
1959 903 2182 978 γλυκὺν
2227 899 2489 968 dixerat.
2582 901 2651 966 Si
2700 901 2853 984 quid
2912 899 3143 982 video,
3188 901 3396 967 voluit
3438 901 3565 966 hoc
3621 904 3972 977 Leonidas.

1561 1057 1622 1095 ‚‚
1665 1013 1763 1080 De
1798 1012 2032 1080 Amore
2058 1013 2216 1079 nihil
2259 1027 2515 1096 queror.
2579 1015 2897 1082 Malorum
2934 1011 3140 1094 enim,
3204 1033 3363 1098 quae
3400 1014 3653 1100 patior,
3698 1017 3805 1086 ille
3832 1022 3979 1087 dui-

1563 1125 1660 1192 cis
1714 1123 1891 1222 Deus
1939 1141 2160 1194 auctor
2209 1127 2342 1195 esse
2375 1149 2509 1199 non
2566 1140 2808 1211 potest.
2901 1125 3027 1192 Sed
3076 1143 3221 1209 me,
3290 1128 3500 1198 nescio
3544 1131 3739 1217 quis,
3802 1134 3977 1203 feriit

1565 1239 1790 1306 doloso
1839 1257 2034 1322 arcu,
2092 1251 2212 1308 n'ec
2269 1243 2464 1311 cessat
2516 1244 2745 1328 ignitas
2806 1237 2874 1306 in
2928 1257 3029 1304 me
3078 1239 3321 1308 mittere
3372 1241 3669 1330 sagittae,
3706 1233 3974 1329 ‘quibus

1561 1367 1741 1419 totus
1795 1357 2004 1442 ardeo.
2096 1357 2258 1432 Sunt
2309 1359 2461 1424 haec
2524 1353 2766 1424 scelesti
2844 1347 3017 1435 quafi
3100 1349 3385 1455 mortalis
3450 1355 3636 1425 factis
3722 1358 3969 1430 similia.

1559 1467 1752 1552 Quod
1782 1466 1827 1534 fi
1863 1469 2143 1536 mortalis
2186 1473 2288 1537 ille
2322 1473 2675 1556 jaculator,
2720 1468 2989 1536 ulciscar
3025 1483 3168 1548 me,
3200 1482 3261 1532 et
3292 1485 3401 1536 ero
3442 1470 3802 1556 inculpatus
3842 1476 3970 1544 hoc

1551 1575 1862 1651 faciens'’.
1955 1577 2048 1652 In'
2077 1587 2236 1654 hanc
2295 1599 2563 1652 mentem
2618 1583 2861 1666 refingo

1635 1695 1820 1767 Χῶς
1863 1700 2059 1775 θνητοῦ
2103 1703 2236 1769 τάδ’
2274 1703 2507 1780 amaon
2546 1701 2703 1766 ἔοικ’·
2748 1699 2797 1764 εἰ
2836 1693 3031 1771 θνητὸς
3072 1693 3101 1759 ὃ
3143 1691 3435 1772 βάλλειν,

1782 1809 1996 1886 Tleou’
2010 1849 2032 1884 ,
2074 1811 2437 1887 ivlynanroc
2478 1807 2731 1887 δ’·ἕσσομ
2768 1805 3156 1884 eim-Siara&

1289 1901 1385 1974 Τ
1426 1923 1492 1992 5.
1537 1928 1608 1994 p.
1661 1918 1804 1996 146.
1851 1916 2004 1983 Lib.
2056 1937 2124 2002 7.
2169 1919 2304 2001 Ep.
2357 1917 2469 1986 26.
2554 1921 2921 2000 Τῶῑβθαλμῳ
2988 1911 3283 2001 Jacobfio
3346 1913 3435 1978 A.
3494 1911 3569 1978 P.
3638 1911 3726 1981 T.
3778 1935 3841 2000 3.
3872 1938 3955 2002 p.

1549 2045 1696 2092 100
1769 2035 1980 2097 minus
2043 2031 2294 2098 videtur
2349 2030 2674 2116 probabile
2742 2046 2805 2097 et
2882 2031 3101 2114 potius
3156 2029 3610 2094 emendandum
3674 2030 3962 2110 ὀφθαλμῶ

1534 2143 1632 2206 vel
1705 2141 2056 2228 ὅφθαλμοῒς.
2163 2145 2332 2212 idem
2399 2162 2649 2226 tamen,
2730 2142 2779 2209 fi
2870 2142 3024 2226 quid
3108 2140 3210 2204 hic
3294 2139 3668 2222 depravati,
3752 2159 3961 2208 veram

1539 2255 1872 2324 lectionem
1935 2259 2126 2325 altius
2185 2259 2570 2328 reconditam
2628 2273 2868 2341 putat.
2951 2257 3223 2338 denique
3272 2273 3341 2320 ea
3409 2253 3715 2338 subjicit,
3793 2256 3963 2320 unde

1536 2369 1844 2455 colligas,
1889 2392 2028 2438 eum
2075 2379 2155 2458 τῶ
2195 2369 2392 2456 omne.-
2436 2371 2906 2455 intelligendum
2970 2370 3215 2439 censere
3272 2371 3351 2437 de
3423 2368 3697 2509 Didyme
3750 2370 3957 2452 puella

1539 2483 1805 2568 θαλλοφέ
1801 2509 1913 2568 ρῳ,
1957 2483 2246 2554 frondem
2298 2501 2579 2573 gestante
2622 2485 2688 2551 in
2732 2503 2991 2568 pompa.
3536 2514 3539 2516 ’

1280 2585 1370 2658 Τ·
1421 2607 1486 2674 5·
1533 2612 1600 2676 Ρ-
1659 2615 1804 2680 147.
1853 2619 1918 2668 v.
1975 2619 2078 2667 12.
2127 2601 2559 2670 Vid.Grot1·e·
2593 2595 2855 2686 Pr'oleg.
2890 2599 3054 2685 Leg.
3105 2595 3243 2666 Vid
3270 2593 3363 2661 ad
3400 2593 3625 2664 Grotii
3650 2595 3930 2684 Proleg.

1273 2703 1438 2774 Ibid.
1465 2727 1524 2774 v
1555 2731 1662 2778 21.
1689 2715 1799 2780 ubi
1813 2717 2153 2796 φθόγγων.
2179 2738 2244 2799 4.
2260 2733 2386 2805 pro
2403 2722 2661 2803 βόμβον.
2684 2721 2859 2804 Lege
2880 2715 2991 2782 ubi
3004 2712 3447 2796 φθόγγευὶην.
3471 2731 3540 2792 4.
3563 2714 3895 2798 ρνοβοζκβε
3900 2741 3952 2782 ν.

1277 2811 1366 2883 T·
1405 2835 1470 2903 5.
1537 2843 1609 2906 p.
1661 2831 1809 2910 148.
1878 2825 2028 2897 Lib.
2081 2851 2146 2913 7.
2215 2831 2346 2914 Ep.
2413 2855 2523 2916 41.
2613 2832 2875 2900 Versum
2930 2851 2964 2913 3
3015 2846 3145 2894 non
3205 2839 3371 2891 recte
3422 2821 3593 2905 cepit
3654 2823 3951 2894 Grotius·

1532 2936 1724 3008 Poeta
1785 2941 1825 3007 s
1812 2943 2088 3027 gnificat
2160 2945 2466 3015 minorem
2526 2945 2657 3014 esse
2718 2963 2986 3035 poenam
3058 2919 3363 3019 Tantali,
3404 2935 3541 3019 ·qui
3590 2940 3777 3007 labris
3820 2956 3955 3008 tan·

1525 3068 1671 3133 gere
1717 3076 1914 3139 aquas
1973 3060 2220 3142 cupitas
2282 3060 2731 3144 prohibeatur,
2799 3076 2985 3141 quam
3034 3055 3246 3137 suam,
3310 3038 3413 3118 cui
3464 3050 3581 3117 visa
3620 3067 3743 3117 tam
3804 3054 3953 3134 pul-

1527 3181 1631 3232 cra
1673 3173 1924 3254 puelia,
1969 3174 2157 3240 labris
2197 3188 2460 3259 tangere
2494 3176 2628 3243 non
2678 3174 2867 3241 liceat
2922 3171 3105 3254 ejus
3124 3165 3319 3231 labra
3407 3164 3483 3230 In
3546 3164 3715 3231 hanc
3772 3184 3947 3234 men-

1525 3288 1648 3345 tem
1697 3286 2078 3354 reddendum
3707 3301 3713 3307 '

1690 3400 1876 3468 Nam
1920 3422 2090 3486 non,
2137 3415 2202 3469 te
2241 3402 2420 3487 visa,
2466 3400 2670 3470 latres
2704 3394 3088 3488 prohihetur
3129 3388 3386 3463 amato‘r

1777 3514 2072 3604 Tangere
2115 3520 2353 3602 labra,
2397 3520 2623 3614 quibus
2665 3514 2853 3584 cedat
2899 3527 2961 3579 ct
3003 3510 3144 3601 ipsa
3190 3504 3336 3590 rosa

1693 3628 2014 3703 Tantalus
2058 3636 2299 3719 infelix
2343 3667 2497 3685 ---

1257 3721 1348 3795 Τ·
1391 3748 1460 3813 5·
1509 3756 1574 3819 P·
1632 3759 1780 3823 150·
1829 3746 1980 3815 Lib
2035 3768 2100 3829 7.
2151 3748 2276 3832 Ep
2325 3767 2430 3833 59.
2476 3767 2576 3813 VS.
2626 3750 2691 3812 8.
2770 3745 2926 3811 Non
2973 3740 3235 3818 dubito,
3302 3734 3461 3816 quin
3507 3729 3778 3799 Grotius
3821 3738 3941 3795 voi·

1515 3851 1700 3921 luerit
1741 3856 2004 3949 Pauper
2047 3884 2268 3930 amans
2316 3866 2430 3929 uni
2461 3859 2729 3943 serviat
2790 3857 2914 3923 illa
2954 3858 3099 3925 viro
3128 3900 3154 3936 ,
3236 3860 3309 3914 ut
3350 3846 3641 3915 reddatur
3679 3843 3739 3908 ἔν
3774 3841 3945 3923 ξενίῃ

1515 3972 1772 4045 μιμνέτω
1809 3979 2098 4059 οἲογάμῳ

1250 4065 1416 4141 lbid·
1464 4076 1592 4162 Ep.
1635 4084 1746 4151 61.
1811 4109 1876 4155 v.
1929 4112 1989 4174 3.
2034 4096 2279 4175 ἀζαλέας
2321 4100 2418 4153 est
2461 4085 2708 4167 siccus,
2750 4082 3025 4150 siccitate
3064 4077 3455 4150 induratus,
3518 4066 3747 4131 durus
3788 4062 3942 4144 ἄξω·

1515 4194 1649 4269 λεήν
1687 4201 1898 4283 πέτρην
1943 4205 2108 4272 dixit
2151 4205 2476 4272 Nicander
2518 4203 2585 4269 in
2649 4198 2981 4269 Theriacis
3037 4211 3106 4260 v.
3178 4206 3288 4273 37·
3378 4178 3548 4249 Hinc
3609 4172 3940 4245 commode

1508 4310 1722 4388 POffllt
1795 4321 1978 4401 ’Λρης
2017 4320 2260 4400 azaniae
2305 4319 2548 4435 epponi
2590 4318 2825 4397 Κύπριδι
2869 4318 3121 4390 aalma?

1130 4448 1134 4452 ’
1247 4410 1336 4486 Τ·
1383 4432 1448 4501 5
1495 4440 1564 4504 P·
1616 4446 1757 4532 151
1811 4450 1876 4497 v.
1928 4453 1988 4499 1.
2037 4434 2166 4515 Ep
2213 4436 2325 4519 63.
2373 4452 2441 4497 v.
2493 4454 2553 4517 3
2604 4428 2896 4497 Voluisse
2950 4416 3297 4527 Boschium
3360 4412 3523 4497 puto
3578 4406 3697 4476 Aia
3743 4400 3943 4479 δ’ωμο·

1504 4561 1589 4604 0·oe
1633 4550 1732 4614 mi
1715 4571 1876 4629 -pam
1965 4548 2312 4633 Quomodo
2375 4548 2577 4629 lapide
2624 4542 2711 4611 ufi
2768 4542 2887 4609 fint
2932 4540 2997 4605 in
3038 4530 3448 4624 juramentis,
3506 4522 3692 4589 docet
3750 4508 3937 4575 etiam

1505 4650 1736 4724 citatus
1779 4682 1814 4729 a
1847 4658 2140 4747 Jacobfio
2200 4664 2290 4731 A.
2335 4663 2411 4731 P.
2458 4659 2549 4728 T.
2603 4680 2664 4745 3.
2714 4680 2783 4744 p.
2841 4674 2988 4739 109·
3062 4652 3245 4719 locus
3290 4634 3623 4715 Plutarchi
3654 4630 3720 4697 in
3764 4621 3937 4821 Syll:²
