4750 6000
1510 637 1521 652 ,
1626 565 1729 638 1..
1761 585 1846 673 4.-
1878 559 2135 658 12.-12.
2172 559 2305 662 Ep.
2354 563 2652 676 54-64.
3305 581 3432 660 :9¹

742 739 1159 822 d'Onriilium
1206 739 1277 811 in
1332 733 1673 804 Animadv.
1722 733 1804 802 ad
1866 731 2275 807 Charitonem
2350 751 2422 814 p.
2481 750 2634 818 512.
2693 742 2754 796 et
2809 731 2978 814 apud
3034 728 3426 800 Brunekium

752 858 851 928 Τ.
892 879 954 927 1.
992 878 1065 942 p.
1105 859 1175 923 6.
1236 851 1489 924 Confer
1552 853 1630 920 de
1674 851 1799 918 hoc
1842 851 1973 936 Ep.
2028 849 2289 936 Junium
2350 849 2433 914 de
2473 847 2723 916 Pictura
2765 845 2916 914 Ver.
2967 865 3040 930 p.
3087 851 3234 914 180.
3281 849 3424 916 Par·

748 989 817 1048 te
862 997 929 1044 ι.
1016 995 1086 1045 v.
1141 994 1199 1050 1.
1249 991 1312 1038 ι.
1361 965 1853 1050 Nondisfimile
1894 969 2049 1034 iilud
2088 961 2440 1050 Propertii,
2483 961 2636 1030 Lib.
2691 982 2754 1030 1.
2797 961 2907 1032 El.
2959 982 3021 1030 1.
3069 983 3137 1032 v.
3181 987 3248 1048 4.

1182 1087 1281 1152 Et
1320 1099 1521 1174 caput
1562 1085 1861 1172 impastus
1892 1083 2123 1172 prcsfit
2163 1103 2351 1148 amor
2384 1078 2646 1168 pedibus

751 1204 867 1270 ubi
908 1204 1052 1273 vide
1086 1202 1428 1271 Burmanni
1470 1199 1613 1271 see.
1648 1215 1867 1270 notas.
1950 1217 2023 1268 v.
2065 1219 2137 1282 4.
2180 1179 2282 1264 De
2316 1197 2566 1284 Phryne
2605 1196 2934 1266 Praxitelis
2974 1191 3194 1264 amafia
3244 1193 3419 1264 conf.

754 1317 912 1385 Lib.
950 1319 1020 1382 6.
1065 1309 1206 1382 Tit.
1250 1336 1317 1400 9.
1362 1317 1489 1401 Ep.
1534 1297 1951 1399 4J'Harduin.
1984 1317 2065 1382 ad
2094 1314 2261 1382 Plin.
2304 1315 2400 1380 H.
2443 1312 2536 1380 N.
2577 1313 2730 1380 Lib.
2787 1335 2890 1398 34.
2936 1334 3006 1397 p.
3049 1333 3198 1380 121.
3237 1327 3421 1378 notae

748 1438 829 1503 ad
871 1431 1123 1500 Tatiani
1160 1426 1341 1502 Orat.⁸
1371 1437 1447 1502 a'd
1468 1436 1753 1504 Graecos
1775 1455 1847 1518 p.
1894 1449 2042 1518 115.
2078 1433 2353 1520 Bergler.
2379 1433 2458 1498 ad
2487 1429 2864 1512 Alciphron.
2910 1449 2978 1514 p.
3027 1450 3170 1515 130.
3211 1429 3423 1496 Meet·
3525 1477 3538 1488 .

756 1567 972 1616 mann.
1010 1551 1087 1614 ad
1123 1549 1214 1616 H.
1258 1549 1477 1616 Grotii
1514 1551 1854 1630 Parallelon
1894 1549 1981 1618 Τ.
2030 1568 2095 1635 3.
2144 1570 2215 1634 p.
2260 1549 2416 1614 206.

836 1668 1099 1748 Ep.,53
1172 1665 1275 1732 Ad
1314 1665 1443 1734 Et.
1482 1665 1746 1732 Ruhnk.
1793 1711 1851 1750 ‚‚
1895 1665 2261 1750 Athenaeus
2302 1663 2455 1730 Lib.
2504 1657 2676 1728 XIII.
2719 1681 2792 1744 p.
2838 1675 2988 1744 591.
3016 1655 3420 1742 Toup.Ani·

748 1784 960 1848 madv.
1005 1781 1082 1852 ad
1128 1778 1459 1846 Theocriti
1520 1781 1771 1850 Scholia
1819 1802 1889 1864 p.
1930 1783 2131 1850 218.”
2174 1779 2337 1848 Vide
2368 1795 2431 1846 et
2473 1777 2841 1846 Musonium
2888 1780 2962 1842 de
2999 1777 3192 1846 Luxu
3227 1774 3418 1842 Grac-

742 1914 971 1961 corum
1008 1895 1073 1960 in
1116 1893 1301 1960 Thes.
1344 1894 1503 1960 Ant.
1542 1893 1773 1963 Graec.
1814 1895 1970 1964 Vol.
2012 1903 2073 1964 8.
2108 1917 2181 1980 p.
2230 1913 2429 1984 2521.
2475 1883 2775 1962 Husc'hk.
2807 1896 2993 1962 Anal.
3021 1893 3182 1960 Crit.
3213 1909 3280 1972 p.
3309 1873 3414 1972 50.

834 2009 966 2089 Ep.
1018 2025 1121 2090 55-
1176 2009 1339 2078 Vide
1372 2011 1644 2096 Junium
1696 2013 1771 2078 de
1818 2013 2065 2080 Pictura
2124 2013 2275 2078 Vet.
2328 2034 2400 2100 p.
2461 2029 2610 2094 125.
2645 2013 2822 2078 Parte
2857 2032 2921 2076 2.
2963 2007 3115 2075 Fed.
3159 2006 3415 2074 Motell.

746 2124 825 2188 ad
870 2123 1049 2219 Statii
1095 2124 1273 2206 Sylv.
1320 2147 1387 2210 p.
1440 2143 1544 2209 75.
1594 2126 1919 2197 Huschkii
1962 2129 2153 2195 Anal.
2204 2129 2372 2194 Crit.
2421 2148 2488 2211 p.
2541 2131 2650 2212 69.

740 2301 751 2309 .
834 2239 967 2320 Ep.
1026 2242 1135 2322 56.
1184 2241 1345 2306 Vide
1396 2244 1472 2308 de
1521 2243 1645 2310 hoc
1700 2243 1831 2325 Ep.
1888 2243 2103 2310 Natal.
2159 2243 2352 2310 Com.
2393 2243 2544 2308 Lib.
2580 2262 2623 2324 4
2693 2261 2759 2326 p.
2801 2259 2954 2322 401.
2999 2239 3267 2324 Preigeri
3307 2257 3424 2305 no·

744 2366 843 2422 tas
900 2357 977 2420 ad
1032 2356 1292 2423 Lucrct.
1348 2358 1502 2434 Lib.
1556 2379 1613 2428 1.
1671 2377 1739 2426 v.
1806 2377 1865 2441 3.
1930 2361 2013 2426 A.
2058 2361 2275 2426 Rivin.
2324 2361 2403 2426 ad
2445 2353 2706 2426 Veneris
2758 2357 3160 2444 pervigilium
3201 2379 3266 2440 p·
3309 2360 3416 2418 80·

746 2469 847 2536 De
880 2489 957 2535 eo
996 2473 1239 2554 egimus
1283 2473 1359 2534 ad
1398 2471 1613 2538 Grotii
1660 2475 2151 2557 Prolegomena,
2199 2477 2311 2554 ubi
2354 2475 2664 2560 Propertii
2709 2475 2822 2542 El.
2868 2493 2936 2556 9.
2980 2473 3129 2538 Lib.
3181 2489 3242 2534 2.
3289 2487 3418 2534 me·

748 2586 1046 2654 minimus
1072 2633 1094 2667 ‚
1174 2587 1240 2652 in
1284 2601 1407 2668 qua
1442 2583 1605 2653 forte
1648 2608 1711 2655 v.
1760 2593 1861 2656 18.
1902 2594 2355 2676 emendandum
2395 2593 2522 2660 alio
2559 2591 2795 2672 trajice
2843 2583 2986 2654 vela
3028 2599 3170 2654 tua.
3251 2586 3416 2651 Nam

740 2699 825 2764 de
858 2701 1077 2766 volatu
1120 2700 1317 2766 sermo
1360 2716 1456 2766 est
1500 2717 1561 2767 et
1606 2705 1919 2786 trajicere
1953 2708 2213 2772 verbum
2259 2703 2608 2770 nauticum.
2701 2701 2764 2768 T
2769 2722 2890 2770 unc
2925 2702 3301 2786 repudianda
3349 2714 3410 2766 et

748 2815 1011 2900 Bentlcji
1070 2816 1415 2881 emendatio
1470 2819 1547 2884 ad
1600 2818 1830 2887 Horat.
1884 2819 1937 2884 I.
1988 2819 2115 2884 Od.
2178 2837 2283 2902 34.
2342 2817 2567 2902 cursus
2623 2817 2912 2888 relectas.
2979 2817 3218 2886 Melius
3253 2817 3410 2884 Mit-

746 2931 1075 3001 scheriich.
1117 2937 1182 3015 p‘.
1224 2933 1346 3017 306
1418 2932 1624 3002 Conf.
1666 2951 1732 3002 et
1773 2935 1859 3003 L.
1910 2955 1976 3021 7.
2023 2935 2155 3021 Ep.
2200 2957 2313 3024 49.

834 3048 961 3127 Ep·
1013 3064 1121 3127 57.
1166 3048 1241 3111 In
1273 3048 1559 3120 lemmate
1588 3055 1647 3121 ἐν
1689 3066 2057 3135 mmm-ae&
2094 3053 2245 3119 Ald.
2278 3054 2383 3121 Pr.
2423 3032 2588 3121 Nam
2627 3052 2806 3148 abest
2839 3052 2916 3121 ab
2947 3052 3073 3127 Ed.
3095 3048 3406 3137 Principe.

832 3160 961 3242 Ep.
1015 3178 1121 3241 59.
1170 3161 1307 3231 Pro·
1334 3166 1445 3235 ὑπὸ
1492 3168 1713 3235 ὑδάτων
1758 3165 1827 3231 in
1868 3167 2152 3234 lemmate
2197 3168 2303 3238 Br.
2350 3188 2388 3233 e
2432 3170 2583 3239 Vat.
2633 3170 2803 3238 Cod.
2849 3172 2962 3239 ὑπὸ
3002 3172 3216 3237 mem.
3257 3170 3410 3245 vid.

745 3275 933 3341 Lect.
971 3290 1033 3341 et
1072 3276 1215 3345 Em·
1262 3298 1325 3361 p.
1370 3300 1474 3365 31.
1507 3279 1783 3360 Grotius
1828 3283 2043 3365 legisse
2077 3285 2324 3353 videtur
2354 3286 2468 3379 25:53
2505 3287 2724 3355 Dalm.
2765 3276 2968 3345 Conf.
3007 3282 3084 3351 de
3125 3284 3246 3353 hoc
3274 3286 3408 3371 Ep.

746 3392 1043 3457 W'art'on.
1076 3394 1155 3459 a]
1190 3392 1473 3461 Theocr.
1511 3393 1707 3460 Tom.
1740 3416 1803 3461 2.
1846 3418 1914 3480 p.
1955 3418 2065 3480 90.
2162 3418 2227 3465 v.
2270 3416 2333 3480 3.
2378 3397 2584 3467 ἰοδόκον
2628 3394 2919 3474 <papium
2965 3400 3066 3465 nx)
3109 3406 3410 3483 καμπύλα

746 3508 889 3586 roza
935 3504 1132 3573 Hom.
1182 3508 1311 3575 ΟΔ.
1359 3522 1435 3580 Φ.
1481 3529 1547 3575 ν.
1604 3526 1707 3574 12.
1756 3512 1791 3584 ἦ
1828 3512 1885 3584 δὲ
1934 3514 2197 3593 Φιρέτρη
2238 3513 2450 3586 [οδέκεε
2493 3522 2554 3573 et
2575 3506 2749 3576 Iliad.
2775 3506 2937 3573 E.v.
2962 3528 3076 3593 97.
3109 3519 3410 3591 καμπύλαι

744 3622 917 3695 τόξα.
1000 3642 1077 3689 v.
1118 3645 1185 3705 4.
1222 3622 1427 3693 Conf.
1464 3624 1618 3695 Lib.
1664 3646 1729 3707 3.
1764 3620 1905 3689 Tit.
1936 3642 2041 3691 12.
2083 3623 2214 3711 Ep.
2256 3629 2363 3693 28.
2401 3624 2485 3691 L.
2523 3626 2588 3689 6.
2627 3620 2717 3688 T.
2757 3642 2857 3687 12.
2895 3620 3026 3705 Ep.
3067 3644 3128 3708 3.
3161 3624 3317 3695 Lib.
3343 3648 3404 3710 7.

744 3733 855 3815 Ep
924 3737 1032 3799 26.
1076 3740 1204 3817 Ep.
1260 3758 1375 3817 41.
1422 3740 1553 3819 Ep.
1603 3742 1751 3805 126.
1854 3758 1923 3803 v.
1972 3754 2039 3822 5.
2088 3742 2478 3817 πεπεδημένη
2519 3739 2700 3820 {5qu-
2747 3736 2954 3805 Conf.
2997 3738 3122 3806 Lib
3197 3764 3270 3824 4.
3318 3740 3404 3810 T.

610 3886 637 3908 ο
764 3868 867 3933 19.
914 3852 1045 3935 Ep.
1096 3874 1201 3919 22.
1250 3872 1310 3919 v⁴
1352 3872 1417 3935 7.
1450 3853 1558 3923 Br.
1602 3865 1834 3936 καιροῖς,
1885 3855 2059 3936 quod
2098 3853 2265 3921 unde
2298 3852 2929 3941 sumseritQindicare
2962 3855 3254 3935 neglexit.

838 3966 969 4045 Ep.
1018 3972 1125 4035 60.
1166 3968 1365 4037 Conf.
1415 3954 1619 4039 Andr'.
1668 3968 1891 4037 Rivin.
1938 3970 2015 4035 ad
2060 3968 2329 4035 Veneris
2366 3966 2774 4043 pervigilium
2817 3986 2888 4051 p.
2939 3971 3050 4053 83.

836 4078 960 4161 Ep·
1008 4080 1117 4145 61.
1156 4081 1351 4161 χερὸς.
1406 4072 1478 4141 ln
1522 4072 1692 4141 Edd.
1736 4071 1971 4141 Priscis
2013 4072 2166 4137 haec
2211 4090 2337 4139 vox
2379 4092 2510 4141 non
2555 4073 2896 4149 invenitur.

836 4194 972 4277 Ep.
1015 4198 1123 4260 62.
1169 4194 1265 4260 De
1316 4190 1439 4257 hoc
1488 4190 1713 4274 Epigr.
1776 4185 1909 4257 vid.
1952 4185 2279 4255 observat.
2352 4191 2630 4262 Miscell.
2685 4195 2879 4283 T.'9.
2927 4218 2997 4283 p.
3039 4204 3187 4269 116.
3229 4216 3289 4269 et
3331 4200 3409 4269 sic
3469 4232 3474 4237 ·

756 4324 960 4376 notat.
1002 4312 1077 4375 ad
1109 4310 1231 4375 Ex,
1274 4306 1539 4379 Ruhnk.
1602 4308 1801 4391 Apud
1846 4306 1955 4375 Br.
1996 4319 2092 4371 est
2131 4303 2293 4373 inter
2329 4306 2797 4396 Epigrammata
2827 4316 3146 4387 Leonidae
3181 4318 3416 4386 Taren-

756 4426 872 4492 tini
920 4424 1008 4491 T.
1064 4444 1121 4491 1.
1164 4444 1239 4507 p.
1290 4445 1440 4509 234.
1530 4442 1601 4489 v.
1651 4444 1707 4507 3.
1752 4424 1859 4489 Br.
1903 4426 1965 4492 rt
2004 4425 2091 4492 δὲ.
2490 4498 2502 4512 Ι

842 4540 973 4618 ΕΡ.
1020 4542 1103 4621 63
1149 4554 1211 4604 et
1269 4544 1376 4621 64.
1422 4538 1653 4610 exstant
1693 4540 1765 4615 in
1824 4537 1999 4607 Hist.
2046 4536 2209 4623 Byz.
2263 4536 2570 4621 Scriptor.
2615 4543 2750 4607 vol.
2815 4562 2922 4621 29.
2981 4557 3154 4621 parte
3209 4564 3270 4627 3.
3331 4566 3402 4630 p.

766 4676 945 4723 122.-
994 4656 1101 4724 De
1150 4656 1277 4739 Ep.
1330 4658 1447 4739 63.
1490 4657 1623 4723 vid.
1678 4658 1784 4743 Jo.
1844 4656 2024 4738 Bapt.
2080 4654 2174 4721 Pii
2235 4669 2454 4723 annot.
2507 4656 2574 4721 in
2614 4656 2869 4721 Gruteri
2912 4654 3110 4725 Thes.
3157 4664 3286 4727 vol.
3339 4682 3395 4730 1.

756 4788 827 4853 p.
883 4788 1031 4853 539.
1159 4784 1224 4842 v.
1256 4786 1340 4843 a.
1387 4771 1496 4845 Bt.
1554 4774 1973 4858 ἀγαλλόμενοι.
2111 4789 2177 4837 v.
2228 4790 2289 4855 3.
2338 4772 2502 4840 Vide
2553 4772 2618 4841 in
2667 4758 2942 4859 Priapeis
2969 4760 3195 4842 Carm.
3243 4780 3278 4842 8
3338 4796 3402 4845 et

1957 4884 2037 4951 M
2082 4906 2121 4951 2
3301 4914 3404 4979 19.

1966 5014 1998 5047 ,
