4750 6000
1119 601 1252 652 m
2017 581 3085 652 LAUDATto

1143 805 1240 862 me
1301 785 1536 868 aliquid
1599 781 1936 866 remitteret
1964 829 1992 866 ,
2051 783 2212 854 idem
2273 798 2410 853 erat
2444 830 2473 864 ‚
2533 802 2681 850 cum
2754 783 3021 854 aliorum
3096 786 3503 855 commodum
3570 799 3921 856 verteretur
3950 833 3981 869 ,

1141 936 1598 1002 sever-issimus.
1703 933 1892 1002 Forte
1945 933 2362 1017 popularibus
2420 932 2497 1000 iis
2550 932 2755 1000 turbis
2819 935 3060 1016 pulso,
3118 955 3307 1019 quem
3360 939 3667 1023 collegam
3720 939 3787 1005 in
3846 957 3985 1022 gra·

1135 1085 1384 1168 -phiario
1423 1101 1675 1150 munere
1725 1081 2322 1159 coniunctissimum
2375 1085 2724 1168 habuerat,
2784 1083 2877 1150 H.
2938 1085 3331 1169 Calkoenio,
3392 1106 3539 1154 cum
3588 1087 3749 1156 alius
3786 1091 3842 1153 ei
3876 1088 3987 1154 da·

1137 1249 1248 1302 tus
1299 1250 1462 1302 esset
1511 1234 1722 1304 minus
1773 1231 2040 1304 idoneus
2061 1283 2088 1316 ,
2145 1235 2571 1307 incredibilem
2620 1237 2811 1308 animi
2860 1232 3141 1318 vigorem
3198 1235 3477 1302 ostendit
3526 1236 3595 1302 in
3650 1236 3933 1303 cavendo
3952 1281 3982 1317 ,

1131 1403 1216 1452 ne
1275 1386 1429 1468 quid
1490 1384 1767 1454 hominis
1822 1387 2006 1456 istius
2057 1390 2286 1456 scelere
2332 1386 2683 1454 detrimenti
2740 1403 2985 1471 caperet
3030 1389 3356 1458 aerarium.
3440 1389 3599 1454 Non
3652 1387 3981 1454 verebatur

1133 1534 1242 1601 ille
1284 1536 1653 1619 potentibus
1701 1533 1968 1618 amicis,
2029 1536 2140 1602 ubi
2195 1537 2349 1620 quid
2406 1538 2495 1606 illi
2548 1539 2845 1621 cupidius
2898 1554 3007 1606 aut
3060 1537 3377 1608 sordidius
3428 1540 3744 1624 egissent,
3792 1537 3983 1602 libere

1133 1705 1318 1752 suum
1388 1688 1670 1756 intonare
1727 1688 2156 1769 turpiter.
2242 1688 2473 1770 Neque
2530 1689 2599 1754 in
2665 1686 2983 1754 monendo
3061 1700 3350 1769 tantum,
3412 1689 3524 1754 sed
3596 1701 3661 1752 et
3712 1685 3849 1752 aliis
3911 1684 3981 1750 in

1132 1834 1319 1912 rebus
1392 1853 1634 1917 semper
1695 1855 1838 1902 acre
1903 1851 2094 1904 suum
2158 1836 2463 1905 libertatis
2522 1839 2801 1906 studium
2870 1839 3177 1922 prodebat
3213 1807 3272 1920 ,'
3312 1837 3427 1920 qui
3502 1855 3582 1902 ne
3656 1837 3723 1901 in
3782 1833 3981 1900 literis

1137 1979 1386 2063 quidem
1455 1979 1638 2049 facile
1691 1985 1942 2062 vincula
2013 1984 2282 2072 ingeniis
2341 1983 2566 2054 iniecta
2612 1986 2847 2070 ferret,
2908 1989 3075 2054 unde
3139 1987 3378 2072 passim
3430 1986 3613 2053 libris
3677 1986 3847 2067 suis,
3916 1999 3981 2052 et

1135 2129 1631 2216 praefationibus
1692 2136 1848 2204 adeo
1915 2134 2220 2202 librorum
2246 2182 2271 2217 ,
2339 2137 2407 2204 in
2473 2157 2572 2204 ea-
2614 2143 2904 2210 invectus
2963 2154 3059 2204 est
3088 2185 3111 2221 ,
3170 2139 3325 2206 citra
3394 2136 3666 2223 iurgium
3726 2153 3931 2206 tamen
3952 2181 3981 2218 ,

1132 2298 1364 2365 atque,
1417 2297 1494 2350 ut
1543 2285 1746 2356 visum
1799 2285 2144 2360 humanum
2189 2285 2448 2354 decebat
2471 2328 2497 2366 ,
2556 2285 2851 2382 humane.
2942 2287 3265 2376 Relabor,
3326 2303 3399 2356 ut
3442 2287 3669 2356 videtis
3690 2332 3715 2368 ,
3777 2283 3927 2349 AA.
3955 2326 3983 2362 ,

1131 2433 1211 2504 ad
1273 2429 1715 2508 humanitatem
1781 2433 1902 2498 viri
1969 2434 2441 2516 praedicandam
2463 2480 2490 2515 ,
2558 2439 2745 2500 cuius
2812 2437 2881 2497 ln
2952 2449 3029 2499 eo
3108 2431 3431 2514 primariae
3488 2431 3740 2500 virtutis
3812 2441 3984 2494 certe

1125 2581 1314 2651 etiam
1365 2581 1490 2648 hoc
1543 2580 1670 2656 fuit
1693 2632 1718 2667 ,
1776 2584 1950 2667 quod
1973 2629 1998 2664 ,
2062 2598 2133 2648 ut
2183 2584 2249 2648 in
2305 2581 2479 2650 omni
2530 2579 2659 2662 vita
2685 2629 2711 2664 ‚
2768 2545 2861 2648 sic
2923 2583 2991 2649 in
3045 2582 3225 2648 libris
3286 2581 3425 2652 suis
3478 2581 3771 2648 studiose
3820 2597 3983 2646 sem·

1134 2750 1244 2814 per
1295 2752 1330 2799 a
1381 2731 1513 2798 rixa
1565 2733 1688 2800 sibi
1741 2733 2160 2816 temperavit,
2223 2729 2415 2800 libere
2470 2747 2649 2794 suam
2714 2728 2997 2811 aperiens
3058 2730 3428 2799 sementiam
3451 2777 3478 2813 ,
3534 2745 3811 2798 ceterum
3872 2746 3985 2794 ne·

1135 2879 1290 2949 mini
1337 2881 1611 2952 inferens
1674 2881 2010 2962 iniuriam,
2072 2881 2276 2955 multo
2304 2959 2324 2962 -
2351 2879 2563 2946 minus
2616 2878 2681 2946 id
2734 2897 2973 2964 agens,
3032 2895 3103 2948 ut
3154 2901 3191 2946 e
3244 2881 3575 2948 Ciceronis
3627 2880 3726 2945 sui
3778 2877 3987 2961 scrip·

1133 3029 1221 3097 tis
1277 3030 1678 3110 potissimum
1750 3032 2144 3101 Vatinianam
2181 3076 2206 3113 ,
2265 3029 2365 3099 vel
2436 3028 2503 3094 in
2558 3027 2853 3097 Pisonem
2926 3026 3299 3097 invectivam
3354 3024 3581 3111 legisse
3636 3026 3975 3092 videretur.

1135 3179 1352 3260 Itaque
1421 3177 1792 3248 ventitantes
1851 3182 1930 3247 ad
1999 3200 2068 3248 se
2139 3182 2567 3251 adolescentes
2634 3179 2839 3250 laudis
2904 3199 2976 3245 ac
3038 3176 3360 3245 doetrinae
3436 3174 3710 3259 cupidos
3784 3177 3969 3244 etiam

1137 3329 1358 3396 sedulo
1409 3329 1748 3412 monebat,
1808 3346 1879 3397 ut
1951 3351 1986 3398 a
2055 3331 2338 3398 literariis
2410 3332 2534 3399 sibi
2603 3331 2825 3416 iurgiis
2894 3344 3233 3412 caverent,
3295 3326 3567 3395 lacessiti
3634 3323 3793 3395 nihil
3852 3346 3981 3394 res·

1138 3478 1528 3560 ponderent,
1601 3482 1704 3545 vel
1760 3496 1924 3547 certe
1989 3480 2056 3547 iu
2106 3482 2547 3564 respondendo
2616 3478 2985 3549 modestiam
3058 3477 3453 3545 imitarentur
3516 3476 3798 3560 Heynii,
3862 3475 3982 3543 viri

1133 3627 1424 3707 praeclari
1459 3673 1482 3707 ,
1539 3646 1725 3708 quem
1802 3649 2135 3701 noscflrus
2205 3631 2389 3697 unice
2444 3641 2579 3695 tum
2635 3628 2721 3694 ob
2792 3629 3143 3698 doctrinam
3198 3628 3629 3703 suspiciebat,
3690 3641 3825 3685 tum
3888 3622 3977 3687 ob

1135 3775 1574 3841 humanitatem
1619 3773 2132 3855 amplexabatur,
2189 3772 2365 3853 quod
2390 3770 2785 3869 ‘declaratum
2842 3767 2960 3836 ivit
3008 3769 3063 3835 ei
3118 3770 3417 3852 inscripta
3467 3768 3852 3854 praefatione
3896 3770 3975 3837 ad

1137 3926 1394 3991 alterum
1461 3921 1885 4005 Anthologiae
1937 3920 2258 3987 volumen.
2345 3920 2719 3988 Incredibile
2795 3936 3072 3987 noscrm
3130 3918 3409 3985 studium
3486 3913 3685 3981 fuisse
3750 3915 3817 3981 in
3880 3934 3981 3981 re·

1141 4073 1360 4156 gendis
1415 4070 1852 4155 fingendisque
1920 4070 1998 4135 ad
2049 4069 2288 4135 laudem
2359 4086 2431 4133 ac
2486 4069 2781 4135 virtutem
2838 4072 3139 4139 iuvenum
3198 4066 3422 4135 animis
3482 4083 3666 4149 saepe
3724 4064 3840 4131 iam
3898 4084 3975 4132 ex

1142 4240 1332 4303 supra
1382 4218 1567 4285 dictis
1629 4220 1940 4304 apparuit.
2027 4219 2459 4287 Audiebamus
2508 4239 2649 4287 eum
2679 4268 2703 4303 ,
2762 4235 2832 4287 ut
2883 4220 3347 4290 sanctissimum
3396 4218 3729 4290 Musarum
3778 4232 3981 4281 sacer·

1139 4376 1352 4441 dotem
1407 4374 1476 4439 in
1539 4372 1774 4439 Museo
1803 4386 1999 4449 suo,
2059 4381 2352 4450 tanquam
2416 4370 2485 4437 in
2552 4371 2909 4441 cultissimo
2972 4373 3256 4455 templo,
3288 4347 3489 4439 ‘sacra
3550 4366 3975 4435 doctrinarum

1141 4523 1312 4589 initia
1353 4524 1748 4606 pandentem.
1834 4518 1946 4585 Illa
1995 4517 2312 4599 divinior,
2359 4539 2483 4602 qua
2524 4538 2750 4603 pectus
2806 4526 2942 4591 eius
2980 4526 3281 4605 ardebat,
3342 4522 3587 4591 flamma
3624 4539 3747 4589 nos
3787 4519 3975 4586 etiam

1145 4689 1352 4739 amore
1419 4672 1618 4753 pulcri
1683 4671 1968 4757 bonique
2021 4671 2314 4738 incensos
2375 4672 2675 4755 rapiebat.
2768 4676 2987 4758 Itaque
3052 4696 3239 4745 nemo
3296 4677 3377 4743 ab
3444 4696 3521 4741 eo
3576 4675 3699 4741 nisi
3760 4672 3979 4739 melior

1139 4818 1396 4903 abibat,
1457 4837 1587 4905 quo
1653 4824 1870 4893 studio
1930 4837 2234 4905 quantum
2307 4821 2413 4890 iile
2484 4823 2579 4889 vir
2630 4820 2863 4907 patriae
2931 4823 3289 4912 profuerit,
3360 4838 3663 4910 quantum
3728 4820 3973 4896 literis,

3845 4966 3973 5031 duo
