4750 6000
1406 567 3072 648 HIERONYMIDEBOSCH.
3522 603 3669 656 &xv

833 795 976 862 pam
1034 773 1236 857 maia,
1300 792 1508 858 quae,
1568 793 1714 842 cum
1773 775 2037 845 subinde
2103 774 2287 842 finem
2343 792 2672 862 acceptura
2732 777 3140 861 viderentur,
3200 777 3451 863 gravius
3509 796 3669 846 sem·

831 948 946 1014 per
1001 926 1209 991 denuo
1267 925 1729 1009 exsurgebant3
1793 940 1900 1007 et,
1965 944 2096 1008 quo
2157 941 2284 994 erat
2351 947 2683 998 noscurus
2744 928 2810 996 in
2868 931 3126 1010 patriam
3173 949 3422 1011 amore,
3470 930 3663 1000 huius

835 1075 1376 1146 vehementissime
1428 1073 1679 1141 >dolebat
1739 1087 1968 1141 sortem
1997 1118 2020 1154 ,
2085 1069 2246 1138 foris
2306 1072 2450 1138 hinc
2516 1087 2576 1138 et
2644 1071 2785 1138 inde
2847 1074 3099 1146 afflictae
3124 1121 3147 1155 ,
3194 1076 3363 1142 domi
3421 1073 3665 1140 tristius

835 1223 1016 1292 etiarn
1089 1218 1404 1288 intestinis
1497 1219 1733 1286 morbis
1812 1231 2168 1300 quassatae.
2269 1213 2409 1280 Nec
2479 1213 2767 1296 privatim
2836 1212 2955 1280 viri
3033 1214 3161 1281 vita
3246 1213 3667 1278 incommodis

830 1375 1126 1454 carebat,
1179 1383 1326 1438 cum
1390 1388 1595 1452 neque
1660 1387 1818 1436 uxor
1893 1383 2107 1450 esset,
2174 1386 2336 1449 quae
2396 1379 2773 1432 moerentem
2833 1383 2977 1431 eum
3048 1364 3329 1448 alloquio
3392 1363 3667 1429 reficeret

835 1519 1022 1602 (post
1098 1526 1392 1581 tentatam
1469 1509 1634 1576 enim
1709 1507 1944 1574 frustra
2015 1507 2230 1572 iuveni
2298 1504 2728 1571 conditionem
2804 1503 3211 1587 nuptiarum,
3278 1519 3495 1587 postea
3566 1521 3669 1569 ac·

833 1655 1280 1742 quiescendum
1341 1649 1464 1717 sibi
1527 1648 1594 1713 in
1661 1645 2023 1726 coelibatu,
2087 1645 2310 1712 nescio
2373 1663 2451 1709 an
2512 1644 2740 1726 pietate
2782 1644 3058 1724 ductus,
3132 1629 3546 1728 censuerat),
3604 1656 3666 1708 et

833 1806 1121 1886 deinceps
1183 1800 1316 1868 fato
1379 1797 1632 1864 functae
1699 1807 1956 1876 essent,
2023 1811 2182 1876 quae
2243 1793 2352 1859 diu
2398 1793 2655 1859 domum
2712 1793 2852 1860 eius
2915 1793 3313 1861 contubernii
3372 1793 3667 1861 societate

833 1955 1360 2031 exhilaraverant,
1427 1961 1622 2012 mater
1663 1958 1856 2029 atque
1916 1963 2123 2012 soror.
2216 1945 2643 2012 Commodum
2703 1940 2948 2027 igitur,
3017 1943 3190 2026 quod
3252 1941 3671 2008 oblectamen·

829 2117 962 2170 tum
1014 2096 1358 2170 senectutis
1416 2115 1486 2163 ac
1543 2095 1834 2162 solatium
1897 2095 2204 2162 malorum
2266 2094 2474 2160 literas
2541 2092 2807 2176 habuit,
2874 2107 3065 2177 atque
3118 2095 3185 2162 in
3249 2094 3409 2160 hanc
3472 2090 3669 2172 ipsam

829 2247 1226 2315 moestiorem
1291 2247 1454 2313 vitae
1507 2265 1656 2312 suae
1708 2259 1944 2329 partem
1999 2247 2122 2312 tale
2193 2263 2360 2328 opus
2413 2243 2760 2310 literarium
2814 2244 3140 2326 suscepit,
3207 2242 3382 2324 quod
3442 2254 3504 2305 et
3566 2252 3670 2320 ge·

825 2407 972 2457 nere
1021 2389 1278 2458 dabor-is
1335 2389 1848 2453 iucundissimam
1929 2406 1990 2448 et
2050 2390 2479 2466 magnitudine
2552 2390 2824 2450 ambitus
2901 2385 3325 2468 quotidianam
3382 2387 3439 2452 ei
3498 2401 3675 2470 prae-

825 2539 1003 2604 beret
1053 2557 1090 2603 a
1142 2537 1359 2602 dolore
1429 2533 1904 2601 aberrationem.
1995 2528 2451 2616 Anthologiam
2523 2535 2667 2599 dico
2727 2533 3126 2602 Grotianam.
3210 2535 3458 2619 Nempe
3530 2533 3671 2600 Hu-

827 2689 1015 2772 gonis
1077 2683 1290 2754 Grotii
1325 2734 1350 2767 ,
1433 2683 1804 2755 immortalis
1852 2682 2032 2765 viti,
2095 2683 2422 2750 maximam
2495 2699 2828 2753 Boscnrus
2891 2685 3359 2752 admirationem
3425 2684 3667 2750 adoles·

829 2855 976 2903 cens
1027 2838 1146 2903 iam
1201 2857 1279 2903 ex
1340 2836 1444 2902 illa
1505 2833 1844 2901 Burmanni
1900 2831 2314 2902 familiaritate
2361 2835 2678 2902 hauserat.
2773 2835 2915 2918 lpse
2966 2846 3230 2899 testatus
3284 2847 3426 2916 est,
3473 2851 3663 2900 'sacro

829 2983 1102 3061 quodam
1167 2973 1424 3047 horrore
1506 2995 1573 3043 se
1647 2992 2006 3059 correptum
2051 3025 2078 3059 ,
2157 2997 2301 3045 cum
2401 2957 2827 3045 Burmannum
2902 2977 3139 3045 audiret
3222 2979 3434 3047 nobile
3480 2975 3667 3057 illud

827 3143 1014 3194 suum
1066 3123 1134 3188 in
1199 3120 1500 3191 Grotium
1556 3123 1957 3207 Epigramma
2016 3122 2403 3190 recitantem.
2494 3123 2695 3190 Auxit
2744 3100 2837 3191 illi
2891 3125 2956 3191 in
3011 3127 3143 3191 dies
3196 3124 3663 3191 admirationem

829 3283 960 3332 eam
1033 3265 1298 3349 diligens
1356 3266 1664 3335 editorum
1719 3266 1935 3335 Grotii
2007 3266 2313 3335 librorum
2378 3266 2593 3333 lectio,
2686 3266 2853 3332 Cum
2930 3265 3126 3352 igitur
3194 3269 3261 3335 in
3326 3268 3667 3335 Burmanni

826 3406 1204 3484 bibliotheca
1243 3418 1542 3485 asservari
1595 3418 1781 3485 sciret
1832 3416 2125 3485 ineditam
2193 3416 2618 3503 Anthologiae
2682 3416 2958 3485 Graecae
3028 3420 3371 3487 Planudeae
3414 3440 3450 3485 a
3505 3418 3675 3487 Gro-

825 3566 918 3628 tio
971 3568 1406 3635 concinnatam
1463 3569 2036 3652 interpretationem
2093 3570 2409 3636 metricam
2433 3615 2457 3650 ‚
2526 3567 2695 3637 facta
2758 3570 3094 3638 Burmanni
3164 3542 3462 3637 librorum
3523 3588 3667 3637 auc·

823 3711 1032 3793 tione,
1091 3708 1504 3795 cupidissime
1554 3708 1914 3777 thesaurum
1977 3710 2155 3775 illum
2227 3716 2349 3776 sibi
2425 3711 2812 3794 comparavit
2844 3761 2870 3795 ‚
2960 3734 3145 3798 quem
3218 3720 3660 3799 perlustratum

825 3862 1256 3947 pretiosiorem
1299 3864 1480 3929 etiam
1533 3860 1834 3943 opinione
1873 3878 1986 3965 sua
2041 3861 2495 3944 deprehendit,
2560 3880 2703 3929 vere
2756 3862 3041 3931 iudicans
3069 3910 3092 3945 ,
3150 3880 3226 3929 ex
3284 3862 3409 3929 hoc
3476 3885 3661 3949 opere

825 4004 925 4083 vel
997 4006 1264 4067 maxime
1330 3998 1600 4067 divinam
1674 3996 1968 4067 Grotiani
2035 3998 2267 4083 ingenii
2339 3998 2467 4064 vim
2546 3999 2928 4067 elucescere.
3022 4002 3229 4071 Cuius
3293 4007 3457 4071 enim
3536 4006 3658 4073 hoc

825 4145 1058 4232 ingenii
1112 4145 1213 4210 vel
1269 4140 1496 4207 mentis
1549 4152 1696 4221 est,
1743 4138 1904 4205 inter
1953 4136 2226 4205 infinitas
2273 4136 2765 4221 occupationes,
2838 4138 3025 4205 animi
3085 4160 3271 4209 causa
3320 4162 3389 4208 ac
3442 4150 3663 4217 luden-

825 4305 949 4359 tem
1005 4292 1247 4374 aliquot
1309 4285 1496 4353 millia
1553 4284 1940 4351 Graecorum
1991 4284 2527 4367 Epigrammatum
2574 4280 2659 4347 ita
2717 4278 2963 4349 Latinis
3020 4287 3303 4353 versibus
3358 4287 3650 4377 reddere,

826 4457 900 4509 ut
951 4457 1083 4507 non
1151 4436 1340 4501 modo
1396 4432 1552 4498 nihil
1610 4429 1686 4494 de
1741 4428 1936 4511 gratia
1995 4429 2300 4508 decedat,
2359 4425 2470 4492 sed
2523 4443 2705 4509 saepe
2764 4427 3135 4509 elegantiora
3193 4430 3374 4495 etiam
3427 4429 3649 4500 Latina

825 4586 1090 4657 Graecis
1157 4588 1596 4672 reperiantur3
1687 4585 1868 4651 lusus
1938 4582 2092 4650 adeo
2169 4581 2507 4649 verborum
2578 4599 2696 4665 pro
2768 4578 3027 4645 Graecis
3090 4579 3301 4649 Latini
3362 4580 3643 4650 exstent!

825 4730 1008 4799 Hanc
1076 4744 1198 4799 tam
1257 4730 1564 4817 insignem
1628 4732 1842 4803 Grotii
1902 4733 2145 4803 laudem
2219 4748 2551 4801 aesonius
2618 4729 2784 4799 haud
2860 4726 2981 4797 sibi
3050 4725 3169 4792 soli
3224 4736 3438 4791 notam
3512 4734 3651 4783 esse

2087 4869 2237 4915 *ἡ*
2263 4871 2302 4916 *ι
3538 4873 3654 4923 vo-
