4750 6000
1648 529 1737 600 L.
1791 553 1852 617 3.
1900 527 1989 602 Τ.
2038 535 2105 600 6.
2150 527 2236 602 E.
2290 531 2366 598 18
2415 561 2508 584 --
2556 552 2662 600 ιο.
2871 559 2874 562 ’
3401 541 3494 614 25

1218 691 1391 766 xri'eO'
1407 734 1431 768 ς
1472 696 1599 766 ἐπεὶ
1641 694 1759 766 οὔθ’
1800 699 1946 774 ὤδὰς
1986 703 2049 768 οὐ
2082 699 2251 783 χορὸν
2292 693 2392 768 οἷδ’
2425 696 2702 782 Ἀχέρων·

817 809 931 876 ubi
982 808 1049 874 in
1093 825 1233 874 meo
1275 810 1569 892 exemplo.
1602 828 1669 875 v.
1718 826 1783 892 5.
1830 825 1947 892 pro
2006 811 2257 879 ἐνέπουσι
2320 812 2508 878 docta
2585 825 2806 877 manus
2867 801 3102 890 scripit
3159 803 3483 878 ἐνέπνευσε.

696 958 703 966 ·
815 925 993 994 Mihi
1018 923 1302 1010 inprimis
1352 927 1558 1006 placet
1601 922 1941 992 doctissimi
1986 921 2245 992 Brodaei
2288 907 2520 1010 lectie',

1216 1042 1347 1108 ἐπεὶ
1380 1046 1483 1109 οὐκ
1522 1040 1665 1112 &aaa
1687 1085 1712 1119 ‚
1754 1036 1873 1107 οὐδ’
1910 1039 2028 1120 ἔρον
2065 1037 2171 1108 οἶδ’
2218 1044 2498 1126 Ἀχέρων.

1106 1221 1114 1226 ,
1162 1153 1465 1238 Namque
1504 1149 1801 1216 Acheron
1842 1172 1953 1218 nec
1996 1165 2173 1218 amat
2214 1157 2553 1235 carmina,
2599 1174 2710 1220 nec
2754 1149 3047 1219 Veneres.

810 1269 932 1352 100.
974 1268 1139 1336 enim
1172 1271 1341 1350 apud
1370 1267 1717 1334 Homerum
1750 1283 1811 1333 et
1848 1265 2189 1334 Heliadum
2226 1269 2457 1335 dicitur
2489 1271 2717 1338 Amor.
2759 1265 2912 1334 Vid.
2959 1265 3364 1335 Eustathium
3406 1265 3485 1332 ad

812 1383 892 1450 n.
935 1388 997 1465 ξ.
1044 1403 1111 1449 v.
1162 1400 1311 1468 315.
1360 1401 1431 1464 p.
1480 1386 1630 1466 988.
1692 1385 1807 1451 lin.
1856 1388 1921 1450 6.
1974 1383 2174 1452 Conf.
2220 1385 2475 1452 Barnes.
2519 1386 2596 1452 ad
2647 1377 3035 1450 Anacreo'nt.
3098 1403 3164 1451 v.
3225 1386 3373 1464 809.
3421 1395 3486 1448 et

812 1497 1119 1566 Valcken.
1164 1502 1242 1565 ad
1283 1498 1509 1580 Eurip.
1557 1498 1825 1583 Hippol.
1882 1520 1948 1568 v·
1995 1521 2148 1584 449.

896 1617 1030 1698 Ep.
1084 1636 1186 1699 19.
1234 1614 1383 1680 Vid.
1423 1614 1757 1682 D’Orvillii
1791 1617 1957 1684 Crit.
1998 1615 2210 1684 Vann.
2252 1638 2323 1701 p.
2376 1617 2521 1684 161.
2562 1633 2622 1683 et
2651 1613 2826 1698 seqq.
2865 1629 2927 1681 et
2951 1617 3058 1702 Jo.
3096 1613 3297 1681 Henr.
3337 1609 3483 1679 Lei-

808 1730 1024 1796 chium
1070 1732 1146 1796 ad
1192 1729 1494 1796 Carmina
1528 1731 1860 1814 Sepulchr.
1906 1729 2134 1799 Graec.
2186 1752 2253 1816 p.
2310 1751 2416 1816 17.
2461 1731 2770 1800 Praeclare
2811 1733 2932 1798 hoc
2987 1750 3233 1797 carmen
3289 1727 3483 1811 expli-
3567 1767 3574 1774 ·

808 1845 977 1910 cavit
1036 1843 1337 1910 Ensmus
1388 1846 1452 1910 in
1494 1853 1680 1928 o'pere
1714 1849 2045 1916 immortali
2073 1851 2149 1914 de
2203 1851 2508 1933 Adagiis‚
2565 1849 2848 1915 lemmate
2889 1847 3080 1914 Chius
3117 1845 3212 1913 ad
3239 1845 3480 1926 Coum,

810 1981 884 2044 p.
934 1963 1085 2046 630.
1134 1960 1333 2026 Recte
1379 1963 1445 2026 ni
1506 1945 1735 2062 fallpr‘,
1772 1963 2149 2049 JacobssuS‚
2196 1963 2724 2030 Hemsterhufium
2763 1967 2840 2030 ad
2893 1963 3146 2031 Polluc.
3205 1961 3319 2026 IX.
3365 1975 3476 2042 95.

810 2077 915 2144 hic
948 2085 1077 2148 Χῖον
1102 2078 1179 2142 de
1204 2077 1377 2162 jactu
1408 2076 1641 2144 senario
1664 2097 1797 2144 non
1820 2077 1979 2146 bene
2010 2079 2313 2162 accepisse
2342 2080 2674 2148 exiStimat.
2701 2099 2767 2147 v.
2795 2097 2859 2162 5.
2903 2079 3009 2146 Ad
3045 2077 3172 2146 Ex.
3211 2075 3476 2168 Ruhnk.

804 2194 1100 2268 κατέσβη.
1144 2191 1217 2256 Ρ.
1265 2193 1337 2260 8.

892 2305 1023 2388 Ep.
1075 2328 1181 2372 20.
1229 2327 1296 2374 v.
1352 2328 1412 2374 1.
1460 2308 1567 2375 Br.
1628 2311 1926 2393 Μνήμην,
1971 2313 2145 2395 quod
2179 2329 2310 2378 non
2358 2307 2428 2378 in
2477 2309 2639 2380 aliis.
2727 2312 3087 2394 Praeclare,
3131 2324 3215 2408 ut·
3255 2309 3340 2376 ait
3377 2308 3489 2395 Ja-

802 2417 1095 2501 cobssus,
1158 2421 1569 2488 Casaubonus
1629 2424 1691 2489 in
1746 2422 1985 2492 schedis
2038 2425 2203 2490 Bibl.
2270 2425 2512 2508 Bodlej.
2571 2431 2853 2508 μνήμονες
2892 2427 3249 2506 tmuium,
3316 2439 3478 2507 quae

806 2535 994 2597 lectio
1036 2535 1215 2614 plane
1247 2539 1541 2604 convenit
1579 2557 1725 2603 cum
1760 2543 1877 2619 ea,
1925 2558 2084 2621 quae
2116 2554 2211 2605 est
2244 2543 2322 2606 ad
2352 2539 2523 2607 Cod.
2569 2540 2755 2614 Leid.
2799 2560 3001 2623 nuper
3038 2542 3116 2607 ad
3171 2557 3268 2604 me
3315 2541 3478 2604 dela·
3535 2623 3541 2628 .

804 2664 942 2714 tum
968 2695 991 2726 ‚
1036 2664 1095 2713 et
1138 2648 1317 2718 Guil.
1366 2654 1622 2724 Canteri
1658 2673 1844 2720 manu
1882 2671 2169 2722 notatum
2194 2703 2220 2739 ,
2268 2658 2434 2723 unde
2484 2656 2670 2723 etiam
2725 2655 2864 2724 suas
2903 2656 3202 2722 lectiones
3234 2655 3474 2738 saepius

800 2763 1185 2830 Brunckium
1234 2767 1513 2835 sumsssse
1556 2769 1853 2852 suspicor.
2088 2851 2095 2858 ,
3399 2843 3408 2850 .

822 2900 834 2912 ·
892 2899 958 2947 v.
1008 2902 1071 2944 2.
1120 2889 1303 2956 κοινὸς
1345 2891 1494 2952 πᾶσι
1554 2889 1729 2958 λιμὴν
1759 2885 1997 2964 Ἀΐδης.
2051 2887 2233 2954 Nihil
2274 2886 2668 2972 frequentius
2707 2890 2878 2972 apud
2928 2887 3202 2969 Ροὲεαε,
3282 2901 3471 2965 quam

804 2999 963 3064 hanc
1016 2996 1313 3065 omnibus
1356 3017 1751 3067 communem
1794 3022 2277 3071 commemorare
2327 3010 2518 3073 viam.
2567 3006 2795 3072 Horat.
2843 3002 2929 3073 L.
2983 3023 3045 3071 1.
3092 3002 3308 3071 Carm.
3353 3002 3466 3066 28.

1460 3106 1471 3118 ’
1808 3116 2033 3205 Omnes
2078 3142 2209 3187 una
2251 3135 2464 3187 manet
2509 3142 2672 3203 nox,

1344 3228 1439 3294 Et
1479 3230 1793 3297 calcanda
1818 3232 2020 3312 semel
2052 3237 2164 3301 νὶα
2207 3236 2345 3303 leti.

804 3350 1009 3434 Cujus
1042 3346 1371 3413 sententiae
1392 3345 1707 3429 perspecta
1736 3348 1831 3415 vis
1854 3347 2179 3417 Venusino
2199 3354 2459 3433 poetae,
2497 3350 2790 3433 quotiens
2821 3350 3026 3419 rendit
3067 3349 3132 3417 in
3163 3350 3324 3416 altos
3345 3366 3465 3415 nu-

800 3465 974 3531 bium
1033 3480 1317 3545 tractus,
1372 3465 1497 3529 alas
1536 3463 1793 3531 addidit.
1858 3466 2154 3533 Dictione
2190 3468 2456 3551 propius
2506 3472 2583 3537 ad
2616 3468 2738 3533 hoc
2769 3468 2897 3550 Ep.
2945 3468 3247 3533 accedunt
3289 3464 3468 3531 Lon-

805 3581 942 3665 gini
975 3581 1161 3645 verba
1202 3581 1373 3645 Sect.
1412 3580 1523 3645 IX.
1567 3578 1742 3645 Ἀλλ’
1782 3582 1918 3655 ὑμῖν
1962 3585 2066 3653 μὲν
2112 3576 2572 3673 δυσδαιμενσῦσιν
2610 3582 2915 3647 Arduus-dn
2957 3581 3129 3656 λιμὴν
3168 3590 3397 3656 κακῶν,
3439 3582 3470 3647 ὃ

800 3704 1048 3765 θάνατος
1079 3742 1102 3773 ,
1149 3693 1261 3756 ubi
1303 3692 1435 3755 vid.
1471 3690 1734 3755 Ruhnk.
1784 3691 1965 3755 Adde
1998 3708 2137 3757 not.
2196 3696 2272 3759 ad
2305 3694 2392 3770 L.
2448 3714 2506 3761 1.
2559 3692 2697 3758 Tit.
2753 3712 2856 3759 12.
2902 3692 3031 3775 Ep.
3075 3712 3146 3772 4.
3194 3709 3266 3772 p.
3311 3710 3460 3773 219.

802 3812 1095 3875 Ceterum
1144 3804 1285 3873 Tit.
1334 3824 1441 3889 25.
1506 3806 1636 3907 Ep:
1673 3824 1783 3887 43.
1825 3806 1895 3870 h.
1941 3804 2026 3870 L.
2062 3804 2259 3873 fimile
2295 3808 2450 3890 quid
2487 3809 2564 3873 de
2610 3798 2974 3891 Sophbcle‚

1196 3926 1320 3991 ‘ne
1364 3924 1470 3991 μὲν
1508 3922 1695 3998 ἐγὼν,
1738 3918 1918 3999 ἕτεροι
1960 3922 2010 3987 δ’
2044 3922 2288 4001 ἄλλως,
2336 3925 2554 3995 πάντες
2595 3924 2658 3991 δὲ
2697 3945 2764 3989 τε
2807 3922 3063 3995 πάντως.

778 4050 875 4103 ‚ut
926 4035 1093 4119 apud
1129 4035 1412 4115 Propert.
1460 4033 1545 4099 L.
1596 4056 1659 4099 2.
1705 4034 1814 4099 El.
1866 4052 1973 4115 24.
2022 4052 2087 4099 v.
2138 4038 2248 4115 58.
2938 4114 2948 4123 ·

1224 4151 1510 4235 Longius
1553 4163 1669 4216 aut
1704 4154 1971 4237 propius
2016 4170 2183 4215 mors
2212 4148 2344 4229 sua
2390 4168 2698 4236 quemque
2742 4160 2982 4216 manet.

799 4266 911 4329 ubi
952 4282 1157 4331 tamen
1204 4282 1349 4331 cum
1396 4266 1769 4359 Marklando
1815 4265 1933 4347 legi
1982 4265 2185 4329 malim
2216 4312 2241 4346 ‚
2294 4264 2439 4347 sors
2471 4261 2622 4345 sua.
2672 4265 2928 4331 Certius
2961 4262 3039 4329 ad
3073 4280 3198 4327 rem
3257 4260 3467 4346 idern,
3595 4282 3604 4289 ·

799 4378 885 4447 L.
937 4402 996 4463 3.
1046 4382 1153 4449 El.
1206 4388 1308 4447 16.
1357 4402 1422 4448 v.
1472 4404 1581 4449 22.
1629 4382 1755 4447 Est
1795 4382 2019 4462 mala,
2049 4376 2175 4463 sed
2209 4383 2452 4445 cunctis
2497 4382 2628 4445 ista
2672 4364 3135 4465 terenda‘via‚
3176 4396 3236 4445 et
3272 4381 3462 4449 ovid.

799 4494 1065 4567 Metam.
1110 4498 1195 4565 L.
1246 4508 1351 4585 19.
1397 4516 1463 4561 v.
1516 4517 1624 4579 33.

1080 4678 1091 4687 ,
1142 4614 1359 4677 Serius
1402 4626 1519 4677 aut
1563 4614 1755 4677 citius
1786 4610 1996 4693 sedem
2030 4629 2447 4701 properamus
2491 4608 2584 4676 ad
2622 4628 2836 4675 unam.
2885 4649 2944 4703 >-

1138 4724 1467 4793 Tendimus
1516 4728 1639 4801 buc,
1686 4750 1910 4800 omnes.

2209 4848 2273 4913 D
2660 4828 2672 4847 ⁸
3283 4840 3461 4927 Quae
