4750 6000
2876 365 2938 446 j

1286 535 1357 602 8.
1756 537 1959 659 1⁴23·
2008 537 2096 612 T.
2144 563 2210 629 4.
2259 543 2390 631 Ep.
2443 569 2481 616 a
2527 559 2593 616 et
2639 568 2701 636 3.
2748 546 2838 618 T.
2886 549 3128 636 5.·Ερ.
3186 572 3215 620 1
3265 567 3327 621 et
3369 571 3436 622 a.
3537 490 3544 498 ·

1208 710 1236 754 ὃ
1280 720 1349 769 ν.
1402 721 1465 787 7.
1513 705 1640 774 Ed.
1687 707 1984 793 Princeps
2018 715 2224 796 ἀέξων.
2273 737 2339 785 ν.
2383 723 2447 788 8..
2493 722 2798 799 σύμπλουν
2837 721 2895 794 ἐς
2937 722 3098 800 βίον,
3143 723 3204 798 ee
3235 725 3506 794 aduam.
3551 717 3684 790 sic.
3719 717 3807 792 T.
3848 743 3954 792 az.

1284 819 1370 890 Ε.
1421 845 1458 889 2
1468 845 1527 907 3.
1580 827 1894 904 Σύμπλοες
1938 827 2017 900 εἷς
2059 829 2245 907 ἄγρην
2270 877 2290 910 ,
2334 835 2632 912 σύμπλους
2671 835 2753 908 εἷς
2793 833 3016 910 Ἀΐδην.

1357 939 1489 1022 Ep.
1544 958 1624 1021 3.-
1655 935 1852 1004 Conf.
1901 959 2045 1006 cum
2100 943 2222 1009 hoc
2278 943 2416 1014 Tit.
2467 969 2574 1014 2-2.
2621 947 2752 1032 Ep.
2803 931 2912 1032 33‘.
2976 963 3041 1015 et
3081 946 3336 1014 consule
3381 949 3624 1035 Toupii
3680 951 3952 1022 Emend-

1278 1053 1347 1121 in
1414 1055 1667 1120 Suidam
1704 1055 1835 1120 vol.
1909 1076 1968 1122 1.
2046 1079 2114 1141 p.
2198 1081 2353 1148 213.
2401 1064 2527 1131 Eds
2593 1083 2862 1146 novae‚·
2921 1063 3033 1146 qui
3109 1065 3437 1148 legendum
3513 1061 3694 1150 pu'tat
3761 1091 3826 1138 v.
3883 1093 3953 1156 4.

1274 1171 1487 1252 ἓΦρίξε,
1513 1172 1736 1256 ῥάχιν,
1784 1176 1961 1255 quod
2002 1193 2137 1244 non
2178 1179 2428 1248 necesse
2471 1180 2760 1248 arbitror.
2850 1179 2978 1247 Hic
3017 1182 3218 1267 magis
3275 1183 3380 1252 illa
3425 1186 3632 1298 valent
3689 1205 3726 1256 e
3779 1188 3954 1258 dicto

1270 1284 1403 1368 Ep.
1454 1303 1563 1369 33.
2092 1315 2097 1320 ·

1916 1435 2011 1461 -··
2050 1411 2307 1496 ὄλισθηρῆ
2346 1415 2469 1498 γὰρ
2509 1419 2610 1486 ὑπ’
2647 1417 2716 1485 ἐκ
2749 1417 2920 1498 χορὸς
2962 1415 3194 1497 ἀΐξωσι

1409 1605 1415 1612 ·
1714 1517 1989 1601 ''nxer’
2030 1526 2127 1591 ἐπὶ
2168 1531 2345 1596 recubu
2386 1529 2734 1606 παλλομένη
2773 1533 3052 1610 &iporea-

1330 1649 1427 1704 Ν.
1466 1654 1541 1698 '2-
1588 1629 1717 1698 Ed.
1766 1634 2061 1719 princeps
2102 1653 2165 1704 et
2201 1641 2480 1722 reliquae
2529 1639 2700 1707 Edd.
2745 1641 3010 1709 Veteres
3049 1645 3116 1724 ἐξ
3153 1645 3360 1723 kalne.
3397 1642 3510 1709 Br.
3559 1661 3632 1712 v.
3679 1665 3738 1730 3.
3789 1648 3956 1716 πλά-
4041 1627 4048 1644 ’

1258 1775 1359 1850 ’νος
1402 1765 1464 1814 et
1508 1769 1573 1815 v.
1624 1767 1688 1830 5.
1734 1753 2031 1831 ἁγρυμὲνη
2072 1753 2123 1819 δ’
2164 1755 2247 1820 ὕκ-
2287 1755 2491 1824 ὀδόντι.
2557 1757 2638 1824 ὑπ·
2677 1760 2874 1827 ὀδόντα
2909 1759 3204 1843 probavit
3243 1759 3604 1841 Stephanus
3661 1777 3722 1828 et
3783 1763 3952 1830 secu-

1266 1877 1375 1930 tus
1419 1880 1516 1930 est
1560 1864 2053 1950 Cannegieterus
2098 1866 2179 1932 ad
2216 1867 2448 1936 Aviani
2493 1871 2760 1940 Fabulas
2796 1894 2867 1956 p.
2908 1897 3062 1945 210.
3110 1893 3296 1959 quem
3329 1875 3545 1945 Grotii
3591 1879 3941 1950 vernonem

1264 2001 1398 2050 non
1442 1981 1657 2066 legisse
1700 1983 1909 2048 doleo.

1350 2095 1496 2165 Tit.
1563 2115 1626 2181 5.
1691 2100 1821 2182 Ep.
1877 2118 1936 2165 1.
1984 2117 2051 2167 v.
2102 2123 2167 2168 2.
2206 2103 2389 2185 Ἄρης
2429 2104 2486 2172 δ’
2511 2109 2614 2172 οὐκ
2647 2110 2884 2187 ἀγαθῶν
2921 2111 3236 2190 meltum,
3277 2107 3446 2178 ἀλλὰ
3485 2119 3704 2179 κακῶν.
3793 2109 3943 2178 Huc

1260 2215 1419 2286 refer
1458 2217 1561 2283 illa
1597 2215 1889 2299 Aeschyli
1930 2216 1996 2283 in
2024 2217 2272 2304 Fragm.
2312 2221 2480 2302 apud
2510 2220 3024 2291 Valckenaerium
3055 2225 3327 2292 Diatrib.
3377 2244 3445 2307 p.
3484 2243 3636 2308 ²25·

1732 2321 1926 2400 Ἀλλ’
1948 2333 2135 2416 ”Apnc
2168 2345 2345 2418 Φιλεΐ
2372 2336 2558 2414 γάἰε)
2599 2341 2680 2405 τὰ
2722 2342 2888 2416 affe-a
2925 2341 3104 2410 πάντ’
3141 2342 3312 2424 ὦμᾷν
3347 2328 3590 2442 ἒρατᾳῦ.

1256 2448 1382 2515 Sed
1408 2448 1554 2514 huic
1595 2445 1927 2514 sententiae
1953 2447 2263 2514 contraria
2302 2449 2430 2514 esse
2463 2450 2711 2518 videtur
2746 2452 2850 2520 illa
2881 2453 3178 2536 Horatii,
3223 2455 3308 2522 L.
3345 2475 3408 2538 3.
3453 2453 3580 2520 Od.
3631 2475 3691 2520 ι.
3735 2474 3800 2522 v.
3833 2473 3939 2538 14.

1762 2581 1775 2594 ’
1851 2563 2040 2630 Mors
2083 2579 2145 2629 et
2172 2565 2480 2652 fugacem
2521 2569 2927 2658 confhquitur
2969 2577 3182 2642 virum
3207 2619 3232 2653 ,

1944 2681 2089 2748 Nec
2124 2687 2349 2770 parcit
2393 2685 2661 2750 imbellis
2686 2688 3004 2769 juventae

2029 2800 2386 2888 Poplitibus
2430 2801 2728 2870 timidove
2769 2817 2973 2890 terga.

1254 2917 1368 2984 ubi
1411 2917 1544 2984 vid.
1595 2913 1863 3002 BentleJi
1915 2931 2147 3000 notas,
2196 2917 2308 2999 qui
2348 2932 2513 2984 recte
2557 2939 2705 2986 cum
2759 2922 3020 2987 Mureto
3071 2918 3230 2985 Var.
3275 2917 3462 2987 Lect.
3509 2919 3595 2986 L.
3643 2941 3711 3003 4.
3759 2941 3820 2987 c.
3867 2943 3938 3004 9.

1257 3038 1407 3103 haec
1441 3038 1519 3102 ad
1552 3034 1815 3101 verbum
1842 3035 2123 3118 expressa
2160 3036 2287 3101 esse
2318 3050 2502 3120 putat
2542 3055 2576 3100 e
2601 3037 2924 3104 Simonide
2969 3038 3174 3119 (apud
3225 3036 3610 3103 Brunckium
3659 3037 3724 3101 in
3761 3034 3946 3103 Gno-

1256 3154 1433 3219 micis
1480 3174 1549 3235 p.
1599 3145 1859 3235 100.)'’6
1901 3150 2034 3223 ὃόιῦ
2074 3154 2318 3225 θάνατος
2372 3152 2538 3235 ἔκιχε
2577 3156 2678 3221 καὶ
2718 3158 2812 3221 τὸ»
2859 3158 3250 3237 Φυγδμαχον.
3330 3154 3538 3249 Quod
3587 3140 3796 3217 autem
3849 3152 3942 3217 ibi

1244 3270 1544 3337 Muretus
1589 3268 1715 3348 ait,
1760 3286 1892 3332 non
1936 3265 2219 3333 dubitare
2244 3268 2356 3351 se,
2408 3270 2564 3351 quin
2604 3268 3060 3350 propemodum
3101 3273 3312 3337 omnia
3351 3284 3751 3350 ornamenta,
3801 3268 3944 3349 qui-

1246 3390 1369 3454 bus
1402 3386 1652 3452 Horatii
1692 3383 2017 3469 splendent
2054 3386 2323 3451 carmina
2346 3433 2369 3466 ‚
2417 3404 2452 3465 e
2490 3399 2768 3449 veterum
2803 3385 3183 3469 Lyricorum
3214 3388 3612 3468 poematibus
3647 3404 3944 3469 corroga-

1248 3520 1310 3575 ta
1347 3503 1508 3584 fiat,
1557 3502 1623 3567 in
1650 3522 1731 3567 eo
1760 3494 1892 3569 non
1934 3500 2191 3585 possum
2228 3502 2518 3583 equidem
2559 3498 2802 3565 Mureti
2837 3499 3198 3569 sententiam
3239 3505 3576 3587 amplecti,
3623 3520 3769 3571 cum
3815 3520 3944 3567 me·

1245 3638 1372 3689 met
1404 3619 1529 3705 ipse
1558 3666 1581 3701 ‚
1630 3622 1804 3700 quod
1836 3594 1963 3686 fine
2000 3620 2123 3685 ulla
2156 3618 2506 3702 arrogantia
2542 3618 2778 3684 dictum
2800 3618 2984 3683 velim
3007 3665 3030 3698 ,
3077 3618 3382 3702 scripsisse
3404 3640 3472 3687 ea
3509 3618 3886 3685 meminerim
3913 3665 3940 3698 ,

1242 3760 1403 3824 quae
1447 3753 1667 3822 postea
1697 3736 1865 3816 apud
1906 3736 2225 3799 Auctores
2264 3738 2550 3801 nondum
2588 3732 2624 3799 a
2685 3752 2783 3799 me
2823 3736 3024 3800 lectos
3083 3738 3299 3799 eodem
3336 3736 3527 3801 modo
3560 3738 3802 3818 >prolata
3845 3735 3942 3800 vi-

1237 3858 1326 3923 cli.
1412 3856 1733 3921 Praeclare
1776 3853 2112 3915 admodum
2159 3850 2560 3917 doctissimus
2607 3848 3146 3932 Wyttenbachiusi
3181 3852 3244 3916 in
3285 3850 3392 3917 sua
3413 3850 3832 3915 annotatione
3869 3849 3939 3913 in

1238 3970 1520 4040 Platonis
1570 3968 1965 4043 Phaedonem
2013 3986 2216 4050 nuper
2264 3969 2428 4033 edita
2470 3990 2536 4051 p.
2595 3986 2738 4049 123.
2837 3947 3105 4031 Om'm'no
3147 3967 3288 4031 alia
3321 3971 3500 4044 (nter
3525 3964 3598 4048 se
3641 3964 3938 4051 conferre
3988 4014 4002 4027 .

1227 4088 1465 4175 similia
1494 4133 1516 4167 ,
1558 4084 1867 4169 elegantis
1908 4099 1997 4149 est
2034 4088 2310 4151 rationis
2330 4110 2357 4168 ,·
2405 4089 2700 4151 continuo
2747 4074 3187 4172 pronunciare
3228 4080 3548 4147 imitando
3575 4081 3886 4159 formata
3907 4128 3933 4161 ‚

1238 4222 1445 4275 ναηαε
1488 4202 1901 4267 temeritatis.
1951 4202 2143 4283 Apud
2180 4202 2316 4286 Jac.
2366 4203 2635 4268 Pontan.
2686 4204 2764 4267 ad
2805 4201 3001 4267 ovid.
3049 4202 3126 4267 de
3169 4201 3378 4266 Ponto
3429 4220 3498 4283 p.
3553 4188 3778 4283 996.‚'
3825 4216 3938 4263 oc-

1238 4319 1435 4387 currit
1478 4318 1669 4403 huJus
1714 4316 1845 4399 Ep.
1893 4314 2091 4383 versio
2137 4302 2628 4401 elegantissima,
2677 4336 2866 4399 quam
2907 4334 3052 4383 cum
3088 4314 3356 4383 aliorum
3399 4314 3930 4400 interpretationi-

1238 4441 1363 4505 bus
1408 4432 1720 4501 conferaS.

1326 4556 1459 4636 Ep.
1511 4570 1709 4616 aava
1747 4568 1805 4615 1.
1854 4552 2151 4634 διάκτορε,
2198 4553 2275 4617 de
2316 4552 2432 4620 hac
2469 4571 2626 4621 voce
2665 4569 2950 4619 accurate
2981 4553 3316 4623 admodum
3341 4565 3487 4633 ‚·ut
3529 4548 3686 4615 solet
3709 4595 3732 4627 ‚
3797 4547 3930 4613 dis-

1236 4671 1423 4739 seruit
1468 4665 1967 4731 Hemsterhufius
2012 4671 2091 4733 ad
2130 4670 2401 4735 Lucian.
2451 4670 2646 4737 Tom.
2703 4690 2761 4735 1.
2811 4690 2878 4751 p.
2919 4675 3073 4752 489.
3117 4668 3295 4735 conf.
3333 4668 3416 4735 L.
3455 4687 3524 4749 4.
3562 4664 3653 4733 T.
3697 4686 3755 4732 1.
3794 4664 3922 4745 Ep.

1228 4808 1276 4879 9
1351 4785 1602 4849 Locum
1646 4786 1828 4850 etiam
1882 4784 2089 4869 attigit
2132 4784 2574 4869 D’Orvillius,
2627 4788 2694 4854 in
2737 4786 2970 4853 Vanno
3015 4788 3279 4855 Critica.
3325 4806 3394 4870 p.
3443 4804 3588 4865 141.
3709 4804 3718 4813 ·

3733 4912 3801 4961 v.
3853 4908 3928 4977 5.
