4750 6000
1623 566 1710 639 L.
1747 586 1814 672 7.
1855 567 1989 654 ΕΡ.
2051 583 2460 655 1-37—143.
2530 563 2555 598 “
3284 568 3403 636 161

725 738 796 808 in
851 739 1132 811 Phaedro
1186 733 1308 814 Ed.
1379 737 1546 806 Serr.
1615 731 1701 806 Τ.
1749 755 1810 820 3.
1843 755 1940 819 ,Ρ.
2009 753 2159 820 255.
2198 750 2262 802 et
2301 731 2517 821 Lugd.
2559 751 2633 820 p.
2680 737 2829 820 348.
2871 733 2947 804 F.
2997 733 3171 819 ὖρᾷν.
3214 734 3410 808 &iv-1·

723 860 892 934 σθαι,
934 865 1158 938 φιλεῖν,
1204 859 1729 936 συγκατακεῖσθαι.
1786 851 1987 919 Conf·
2025 855 2108 919 de
2140 853 2237 918 his
2273 852 2455 917 lineis
2484 848 2775 914 -Salmofii
2809 849 3105 915 Exercit.
3129 849 3397 916 Plinian.

725 985 797 1050 p.
841 969 999 1051 648.
1041 967 1309 1037 Mei-ceri
1369 981 1510 1034 not.
1575 968 1654 1032 ad
1709 967 2090 1035 Aristaenet.
2151 985 2219 1049 Ρ.
2294 985 2438 1047 143·
2494 981 2559 1030 et
2616 964 2706 1056 ibi
2763 965 2915 1030 citet
2987 962 3258 1029 Luciani
3308 965 3407 1030 Iu·

695 1089 922 1165 ⁸cum,
965 1084 1117 1150 V‘V.
1171 1086 1327 1152 DD.
1381 1083 1458 1148 ad
1503 1081 1772 1184 gerent.
1835 1082 2138 1156 Eunuch.
2187 1081 2341 1146 Act.
2404 1101 2471 1162 4.
2536 1081 2646 1146 Sc.
2690 1101 2758 1146 a.
2818 1097 2884 1144 v.
2929 1098 3031 1143 12.
3080 1079 3194 1144 Ad.
3218 1078 3409 1144 vet-ba

723 1197 1012 1267 ἀθάνατος
1067 1199 1120 1264 δ’
1179 1199 1212 1264 ὖ
1261 1199 1435 1266 συνών
1491 1195 1706 1263 Burm.
1777 1196 2105 1263 Secundus
2163 1193 2238 1262 'in
2301 1195 2425 1268 stro¹
2452 1197 2813 1276 exemplo...
2826 1192 3229 1275 adscripscrat
3300 1193 3407 1260 ina

723 1306 1026 1389 Propertii
1086 1307 1238 1376 Lib.
1303 1332 1367 1377 2.
1429 1313 1539 1378 El.
1594 1332 1698 1381 12.
1766 1329 1832 1378 v.
1873 1331 1986 1393 40.
2035 1312 2110 1376 Si
2163 1309 2348 1377 dabit
2388 1310 2547 1376 hoec
2587 1310 2821 1382 malm
2846 1355 2869 1387 ,
2914 1308 3209 1393 (noctes)
3245 1305 3405 1389 fiam

725 1425 1113 1492 immortalis
1143 1430 1218 1490 in
1251 1427 1410 1494 illis.
1499 1427 1710 1494 Nocte
1776 1445 1908 1494 una
1943 1431 2152 1514 quivis
2185 1429 2290 1497 vel
2335 1423 2514 1494 Deus
2557 1423 2679 1506 esse
2718 1435 2952 1511 potest.
2996 1421 3202 1489 Conf.
3242 1425 3407 1490 idem

725 1537 1069 1616 Burmann.
1131 1543 1224 1607 ad’
1264 1543 1458 1624 Prop.
1515 1541 1668 1610 Lib.
1729 1563 1796 1608 α.
1859 1543 1970 1609 El.
2016 1561 2081 1608 Β.
2135 1557 2359 1623 v··57.
2414 1541 2587 1609 σωὼν
2628 1554 2846 1622 aptum
2882 1538 3145 1604 verbum
3184 1538 3253 1604 in
3286 1539 3403 1606 hac

725 1671 833 1735 re,
879 1674 998 1738 pro
1043 1675 1178 1738 quo
1226 1657 1579 1724 Brunckius
1623 1673 1826 1724 tamen
1872 1653 2090 1722 maluit
2129 1665 2383 1736 γαμῶν,
2428 1666 2503 1717 ut
2552 1668 2651 1719 est
2692 1653 2873 1718 etiam
2906 1653 2969 1718 in
2991 1652 3249 1720 Gruteri
3270 1655 3395 1722 Ex.

809 1769 941 1852 Ep.
1009 1775 1152 1854 138.
1215 1772 1314 1840 De
1373 1773 1496 1840 hoc
1553 1773 1776 1838 mutilo
1834 1773 2304 1854 Epigrammata·
2355 1765 2837 1846 vid-„Bruncln
2898 1768 3087 1834 Lect·
3141 1781 3203 1832 et
3244 1767 3396 1834 Em.

723 1901 796 1968 p·
845 1887 996 1950 218·
1055 1887 1268 1972 Magis
1330 1890 1639 1973 integrum
1691 1887 1942 1970 legitur
1961 1885 2123 1954 infra
2169 1887 2294 1967 ΕΡ.
2341 1887 2487 1965 176·
2532 1882 2644 1948 ubi
2679 1883 2956 1950 Grotius
3006 1885 3077 1951 in
3120 1881 3400 1951 versione

723 2011 904 2084 optat
945 2000 1163 2066 maluit
1196 2021 1316 2084 pro
1349 2021 1426 2068 eo
1452 2049 1477 2086 ,
1523 2005 1722 2086 quod
1738 2003 1842 2068 hic
1883 2003 2111 2085 legitur
2145 2013 2338 2087 opto.
2523 2021 2539 2036 ·
2602 2053 2609 2058 .
2944 2053 2953 2062 .
3060 2052 3095 2064 ..

809 2113 940 2198 ΕΡ.
995 2135 1144 2200 139.
1199 2118 1324 2186 Pro
1379 2127 1480 2188 τοῦ
1523 2123 1701 2188 αὐτοῦ
1755 2117 2017 2186 Gruteri
2058 2117 2184 2186 Ex.
2229 2117 2298 2184 in
2340 2117 2627 2181 lemmate
2657 2115 2917 2190 Ἀλλης
3004 2129 3073 2182 v.
3122 2133 3187 2196 3.
3236 2113 3397 2180 Vide

725 2223 1382 2306 Turneb.Adversa1-.
1421 2234 1574 2304 Lib.
1621 2255 1726 2303 12.
1775 2255 1846 2319 p.
1896 2235 2046 2316 376.
2091 2231 2205 2298 Bt..
2247 2230 2372 2296 hoc
2422 2229 2599 2296 versu
2642 2223 2805 2298 ’Ani
2850 2231 2897 2297 ὃ·
2938 2233 3065 2310 ἐμοὶ
3120 2243 3183 2294 et
3221 2232 3405 2310 ἤρεσε.

725 2361 793 2408 v·
837 2345 906 2410 6·
951 2347 1066 2416 Καὶ
1110 2343 1307 2416 πολιον
1348 2348 1556 2418 πόντου
1595 2357 1764 2428 κῦμα
1801 2348 1932 2420 θοὰς
1973 2347 2256 2426 lamma.
2297 2345 2529 2410 Horat.
2578 2343 2665 2411 L.
2698 2361 2760 2409 1.
2808 2338 3037 2422 Odrn..
3054 2362 3122 2411 v.
3152 2363 3251 2410 11.
3290 2361 3394 2408 12.

1469 2454 1569 2526 Es
1596 2457 1958 2546 superjecto
1989 2454 2270 2545 pavidae
2315 2471 2635 2525 natarunt

1599 2571 1903 2661 Aequore
1937 2568 2189 2640 damae.
2269 2593 2278 2600 ·
2572 2598 2582 2631 ι
2682 2611 2689 2620 ·
3156 2598 3165 2610 ·

722 2685 890 2758 Vide
953 2705 1017 2758 et
1077 2691 1344 2760 Cerdam
1399 2691 1478 2756 ad
1518 2688 1749 2774 Vin-gii.
1791 2689 1939 2756 Ecl.
1991 2707 2053 2755 1.
2099 2706 2168 2755 v.
2195 2689 2352 2758 6.·ο
2374 2709 2445 2774 Ρ.
2496 2691 2605 2758 16.
2632 2703 2711 2756 et
2754 2688 3009 2758 Marcii.
3054 2689 3131 2756 ad
3190 2687 3393 2758 Hora-

722 2804 796 2872 tii
837 2807 922 2872 A.
967 2807 1042 2874 P.
1089 2828 1158 2890 Ρ.
1215 2825 1364 2890 150.
3380 2835 3386 2842 ·

810 2921 943 3005 Ep.
997 2943 1139 3006 140.
1183 2929 1590 2991 ΡΟΤΦῙΝΟΤ
1637 2917 2211 3006 GruteriExetnpl.
2258 2921 2425 2990 Vide
2460 2923 2543 2990 de
2574 2923 2695 2990 hoc
2717 2920 3184 3007 Epigrammate
3204 2917 3391 2988 Wes-

721 3038 992 3103 tethovii
1053 3052 1238 3105 notas
1299 3036 1378 3127 ad
1435 3036 1718 3105 Terentii
1786 3038 2086 3109 Eunuch.
2152 3040 2308 3109 Act.
2379 3059 2440 3107 1.
2502 3038 2610 3105 Sc.
2662 3060 2727 3105 2.
2790 3058 2856 3105 v.
2912 3056 3016 3105 11.
3064 3054 3127 3104 et
3168 3038 3391 3107 Burm-

723 3150 866 3219 Sec.
911 3156 990 3220 ad
1031 3154 1220 3237 Prop·
1263 3152 1420 3219 Lib.
1469 3176 1536 3221 ι.
1583 3156 1690 3222 ΕΙ.
1742 3177 1851 3223 22.
1903 3178 1968 3225 v,
2023 3176 2126 3223 11.

807 3267 940 3348 ΕΡ.
996 3285 1140 3349 141.
1221 3266 1392 3333 Inter
1457 3269 1829 3337 Callimachi
1913 3270 2375 3356 Epigrammata
2452 3271 2687 3354 recepit
2764 3270 2947 3337 etiam
3032 3268 3387 3337 Brunckius

724 3378 922 3450 Tom.
975 3402 1035 3447 1.
1083 3403 1152 3465 Ρ.
1198 3388 1354 3466 464.
1460 3405 1526 3453 v.
1575 3406 1638 3469 5.
1682 3389 1748 3454 6.
1807 3382 2052 3453 Confer
2091 3386 2559 3454 Annotationes
2601 3400 2851 3455 nostras
2888 3386 2953 3451 in
2970 3386 3299 3453 Addendis
3316 3384 3396 3451 ad

720 3495 877 3566 Lib.
933 3516 990 3564 1.
1041 3496 1130 3565 T.
1179 3503 1290 3581 67.
1339 3498 1469 3582 Ep.
1516 3500 1584 3567 6.
2280 3554 2290 3569 .

809 3613 939 3695 ΕΡ.
995 3633 1139 3695 142.
1186 3612 1426 3681 Rufino
1468 3615 1592 3682 hoc
1629 3626 1692 3682 et
1731 3614 2050 3699 sequentia
2087 3618 2322 3685 tribuit»
2343 3620 2527 3685 etiam
2567 3615 2922 3683 Brunckius
2953 3660 2979 3696 ‚
3015 3613 3181 3698 apud
3206 3632 3392 3697 quem

719 3726 848 3795 hoc
891 3730 1139 3811 quidem
1203 3729 1506 3813 longioris
1565 3731 2048 3817 Epigrammatis
2083 3730 2234 3797 finis
2289 3748 2411 3800 est.
2464 3730 2665 3800 Conf.
2710 3728 2985 3797 Piersoni
3027 3728 3393 3799 Verifimilia

724 3862 797 3924 p.
851 3863 961 3926 92.
1023 3862 1133 3928 93.
1199 3842 1320 3910 Pro
1373 3840 1576 3930 κουρὰς
1603 3890 1630 3928 ,
1695 3847 1872 3930 quod
1905 3848 2142 3915 habent
2195 3848 2368 3917 Edd.
2416 3847 2597 3915 Vett.
2661 3845 2865 3927 πυγὰς
2900 3846 3149 3929 legerat
3208 3846 3392 3913 etiam

725 3952 1018 4024 Grotius.
3117 4024 3131 4031 -

809 4072 944 4161 ΕΡ.
995 4096 1142 4161 143.
1181 4092 1252 4145 ν.
1301 4098 1368 4144 2.
1415 4078 1480 4144 in
1521 4074 1646 4145 fine
1687 4096 1810 4163 pro
1850 4080 2110 4164 vulgato
2153 4076 2374 4151 κάλλος
2397 4074 2702 4158 ἔρειδε-ερον
2741 4091 2776 4138 e
2804 4074 3065 4142 Gruteri
3088 4068 3393 4158 Exemplo

725 4204 788 4255 et
831 4170 1155 4259 Brunckio
1194 4192 1544 4277 recepimus
1585 4194 1878 4276 mmm
1891 4198 2149 4275 annam
2169 4240 2192 4274 ,
2215 4191 2453 4275 quippe
2486 4205 2549 4255 et
2568 4190 2803 4258 Grotio
2826 4192 3183 4275 probatum.
3230 4192 3395 4288 Vide

726 4303 820 4370 H.
871 4305 1252 4386 Stephanum
1303 4308 1496 4374 Thes.
1541 4308 1628 4373 L.
1676 4306 1800 4373 Gr.
1844 4327 1917 4374 v.
1939 4308 2399 4391 'mawounpltacae
2442 4304 2641 4373 Tom.
2689 4328 2756 4373 α.
2787 4326 2879 4389 -Ρ,
2932 4310 3119 4391 1644.
3212 4326 3279 4373 v.
3330 4324 3395 4385 3.

725 4416 791 4483 αἱ
835 4420 1404 4499 repentens-amicae
1439 4425 1530 4489 de·
1557 4424 1674 4487 hac
1711 4440 1874 4487 voce
1909 4418 2320 4487 Valckenaer.
2367 4423 2445 4487 ad
2480 4422 2789 4505 Euripid..
2809 4418 3127 4514 phoeniss.
3142 4437 3213 4499 p.
3238 4420 3389 4485 208.

728 4546 798 4594 v.
843 4552 888 4610 4
961 4530 1084 4597 Pro
1097 4536 1310 4617 flavum
1331 4585 1355 4619 ‚
1419 4540 1598 4619 quod
1653 4536 1924 4619 primum
1991 4534 2164 4600 dedit
2215 4536 2370 4603 Διά.
2416 4537 2563 4603 Sec.
2622 4536 2689 4603 in
2730 4535 2894 4602 Edd.
2948 4534 3124 4597 Vett.
3170 4533 3395 4616 legitur

728 4647 858 4729 οἵῳ,
903 4646 970 4711 in
1012 4647 1164 4713 Ald.
1210 4650 1316 4717 Pr.
1366 4654 1517 4719 Em.
1561 4652 1721 4736 οῐνφ,
1767 4652 1834 4719 in
1877 4646 2138 4717 Gruteri
2181 4650 2495 4736 Exemplo
2536 4654 2785 4735 γύμνιι.
2895 4665 2962 4715 v.
2992 4649 3059 4715 6.
3106 4647 3214 4715 Br.
3246 4651 3395 4715 ἑδα-

725 4760 919 4838 wirne
958 4764 1117 4841 εὐθὺς
1155 4766 1570 4850 ὶνεςεφάνσυν.

2025 4874 2090 4945 X
2407 4828 2415 4837 ι
3254 4870 3387 4957 ΕΡ.
