<?xml version="1.0" encoding="UTF-8"?>
<!DOCTYPE html PUBLIC "-//W3C//DTD XHTML 1.0 Transitional//EN"
    "http://www.w3.org/TR/xhtml1/DTD/xhtml1-transitional.dtd">
<html xmlns="http://www.w3.org/1999/xhtml" xml:lang="en" lang="en">
 <head>
  <title>
</title>
<meta http-equiv="Content-Type" content="text/html;charset=utf-8" />
  <meta name='ocr-system' content='tesseract 3.04.00' />
  <meta name='ocr-capabilities' content='ocr_page ocr_carea ocr_par ocr_line ocrx_word'/>
</head>
<body>
  <div class='ocr_page' id='page_1' title='image "./anthologiagraec03saumgoog/anthologiagraec03saumgoog_0247.png"; bbox 0 0 4750 6000; ppageno 0'>
   <div class='ocr_carea' id='block_1_1' title="bbox 90 1356 96 2031">
    <p class='ocr_par' dir='ltr' id='par_1_1' title="bbox 90 1356 96 2031">
     <span class='ocr_line' id='line_1_1' title="bbox 90 1356 96 2031; baseline 0 0"><span class='ocrx_word' id='word_1_1' title='bbox 90 1356 96 2031; x_wconf 95' lang='lat' dir='ltr'><strong> </strong></span> 
     </span>
    </p>
   </div>
   <div class='ocr_carea' id='block_1_2' title="bbox 1309 503 3063 614">
    <p class='ocr_par' dir='ltr' id='par_1_2' title="bbox 1309 503 3063 614">
     <span class='ocr_line' id='line_1_2' title="bbox 1309 503 3063 614; baseline -0.006 -16"><span class='ocrx_word' id='word_1_2' title='bbox 1309 533 1436 614; x_wconf 89' lang='grc'><strong>156</strong></span> <span class='ocrx_word' id='word_1_3' title='bbox 2266 521 2355 592; x_wconf 88' lang='lat' dir='ltr'><strong>L.</strong></span> <span class='ocrx_word' id='word_1_4' title='bbox 2404 503 2643 606; x_wconf 66' lang='lat' dir='ltr'><strong>7.&#39;Ep.</strong></span> <span class='ocrx_word' id='word_1_5' title='bbox 2690 540 2889 606; x_wconf 88' lang='lat'><strong>94-</strong></span> <span class='ocrx_word' id='word_1_6' title='bbox 2918 539 3063 588; x_wconf 83' lang='lat'><strong>100.</strong></span> 
     </span>
    </p>
   </div>
   <div class='ocr_carea' id='block_1_3' title="bbox 1251 685 4007 4482">
    <p class='ocr_par' dir='ltr' id='par_1_3' title="bbox 1308 685 4007 1250">
     <span class='ocr_line' id='line_1_3' title="bbox 1308 685 4007 775; baseline -0.003 -11"><span class='ocrx_word' id='word_1_7' title='bbox 1308 698 1730 764; x_wconf 78' lang='lat' dir='ltr'><strong>Ruhnkenius</strong></span> <span class='ocrx_word' id='word_1_8' title='bbox 1784 695 1860 761; x_wconf 84' lang='lat' dir='ltr'><strong>ad</strong></span> <span class='ocrx_word' id='word_1_9' title='bbox 1916 689 2163 760; x_wconf 88' lang='lat' dir='ltr'>Timaei</span> <span class='ocrx_word' id='word_1_10' title='bbox 2223 689 2505 758; x_wconf 81' lang='lat' dir='ltr'><strong>Lexicon</strong></span> <span class='ocrx_word' id='word_1_11' title='bbox 2564 701 2630 775; x_wconf 80' lang='grc' dir='ltr'><strong>Ρ.</strong></span> <span class='ocrx_word' id='word_1_12' title='bbox 2692 709 2809 774; x_wconf 84' lang='grc'><strong>193</strong></span> <span class='ocrx_word' id='word_1_13' title='bbox 2850 685 2979 771; x_wconf 90' lang='lat' dir='ltr'><strong>seq.</strong></span> <span class='ocrx_word' id='word_1_14' title='bbox 3040 685 3240 755; x_wconf 91' lang='lat' dir='ltr'><strong>Conf.</strong></span> <span class='ocrx_word' id='word_1_15' title='bbox 3272 701 3353 754; x_wconf 90' lang='lat' dir='ltr'><strong>·et</strong></span> <span class='ocrx_word' id='word_1_16' title='bbox 3387 685 3791 755; x_wconf 76' lang='lat' dir='ltr'><strong>Rittershufii</strong></span> <span class='ocrx_word' id='word_1_17' title='bbox 3820 702 4007 756; x_wconf 84' lang='lat' dir='ltr'><strong>notas</strong></span> 
     </span>
     <span class='ocr_line' id='line_1_4' title="bbox 1309 801 3994 896; baseline -0.004 -16"><span class='ocrx_word' id='word_1_18' title='bbox 1309 818 1384 880; x_wconf 85' lang='lat' dir='ltr'><strong>ad</strong></span> <span class='ocrx_word' id='word_1_19' title='bbox 1424 813 1836 896; x_wconf 85' lang='lat' dir='ltr'><strong>Porphyrium</strong></span> <span class='ocrx_word' id='word_1_20' title='bbox 1880 831 1946 894; x_wconf 89' lang='lat' dir='ltr'><strong>p.</strong></span> <span class='ocrx_word' id='word_1_21' title='bbox 1993 815 2054 876; x_wconf 89' lang='lat'><strong>8.</strong></span> <span class='ocrx_word' id='word_1_22' title='bbox 2107 801 2440 875; x_wconf 85' lang='lat' dir='ltr'>Caeterum</span> <span class='ocrx_word' id='word_1_23' title='bbox 2480 825 2609 873; x_wconf 87' lang='lat' dir='ltr'><strong>non</strong></span> <span class='ocrx_word' id='word_1_24' title='bbox 2641 820 2804 872; x_wconf 86' lang='lat' dir='ltr'><strong>recte</strong></span> <span class='ocrx_word' id='word_1_25' title='bbox 2842 802 3113 872; x_wconf 81' lang='lat' dir='ltr'><strong>Grotius</strong></span> <span class='ocrx_word' id='word_1_26' title='bbox 3156 801 3395 873; x_wconf 86' lang='lat' dir='ltr'><strong>sensum</strong></span> <span class='ocrx_word' id='word_1_27' title='bbox 3430 803 3801 872; x_wconf 75' lang='lat' dir='ltr'><strong>intellexisse</strong></span> <span class='ocrx_word' id='word_1_28' title='bbox 3839 806 3994 872; x_wconf 76' lang='lat' dir='ltr'><strong>mihi</strong></span> 
     </span>
     <span class='ocr_line' id='line_1_5' title="bbox 1313 922 3309 1008; baseline -0.004 -13"><span class='ocrx_word' id='word_1_29' title='bbox 1313 930 1558 996; x_wconf 85' lang='lat' dir='ltr'><strong>videtur</strong></span> <span class='ocrx_word' id='word_1_30' title='bbox 1593 928 1816 995; x_wconf 88' lang='lat' dir='ltr'><strong>horum</strong></span> <span class='ocrx_word' id='word_1_31' title='bbox 1861 926 2184 1008; x_wconf 78' lang='lat' dir='ltr'><strong>versuum,</strong></span> <span class='ocrx_word' id='word_1_32' title='bbox 2231 926 2341 1006; x_wconf 86' lang='lat' dir='ltr'><strong>qui</strong></span> <span class='ocrx_word' id='word_1_33' title='bbox 2382 925 2588 991; x_wconf 77' lang='lat' dir='ltr'><strong>nescio</strong></span> <span class='ocrx_word' id='word_1_34' title='bbox 2624 945 2703 991; x_wconf 86' lang='lat' dir='ltr'><strong>an</strong></span> <span class='ocrx_word' id='word_1_35' title='bbox 2746 922 2826 989; x_wconf 88' lang='lat' dir='ltr'><strong>fic</strong></span> <span class='ocrx_word' id='word_1_36' title='bbox 2868 922 3189 988; x_wconf 80' lang='lat' dir='ltr'><strong>vertendi:</strong></span> <span class='ocrx_word' id='word_1_37' title='bbox 3233 929 3241 936; x_wconf 84' lang='lat'>&#39;</span> <span class='ocrx_word' id='word_1_38' title='bbox 3288 923 3309 936; x_wconf 76' lang='grc'><strong><em>”</em></strong></span> 
     </span>
     <span class='ocr_line' id='line_1_6' title="bbox 1766 1023 3631 1131; baseline 0 -23"><span class='ocrx_word' id='word_1_39' title='bbox 1766 1043 2006 1128; x_wconf 82' lang='lat' dir='ltr'><strong>Adfitis</strong></span> <span class='ocrx_word' id='word_1_40' title='bbox 2031 1041 2059 1124; x_wconf 76' lang='lat'><strong>‚&#39;</strong></span> <span class='ocrx_word' id='word_1_41' title='bbox 2103 1064 2252 1131; x_wconf 71' lang='lat' dir='ltr'><strong>quos</strong></span> <span class='ocrx_word' id='word_1_42' title='bbox 2299 1023 2461 1110; x_wconf 64' lang='lat' dir='ltr'><strong>vena</strong></span> <span class='ocrx_word' id='word_1_43' title='bbox 2506 1029 2751 1123; x_wconf 66' lang='lat' dir='ltr'><strong>movet,</strong></span> <span class='ocrx_word' id='word_1_44' title='bbox 2800 1059 2963 1128; x_wconf 81' lang='lat' dir='ltr'><strong>quae</strong></span> <span class='ocrx_word' id='word_1_45' title='bbox 3004 1051 3224 1124; x_wconf 81' lang='lat' dir='ltr'><strong>turget</strong></span> <span class='ocrx_word' id='word_1_46' title='bbox 3266 1057 3504 1108; x_wconf 79' lang='lat' dir='ltr'><strong>amore.</strong></span> <span class='ocrx_word' id='word_1_47' title='bbox 3618 1049 3631 1066; x_wconf 85' lang='lat'><strong>‘</strong></span> 
     </span>
     <span class='ocr_line' id='line_1_7' title="bbox 1853 1152 3369 1250; baseline -0.004 -24"><span class='ocrx_word' id='word_1_48' title='bbox 1853 1162 2008 1226; x_wconf 84' lang='lat' dir='ltr'><strong>Non</strong></span> <span class='ocrx_word' id='word_1_49' title='bbox 2055 1179 2202 1250; x_wconf 63' lang='lat' dir='ltr'><strong>opus</strong></span> <span class='ocrx_word' id='word_1_50' title='bbox 2247 1181 2561 1224; x_wconf 70' lang='lat' dir='ltr'><strong>annorum</strong></span> <span class='ocrx_word' id='word_1_51' title='bbox 2606 1179 2709 1226; x_wconf 72' lang='lat' dir='ltr'><strong>vos</strong></span> <span class='ocrx_word' id='word_1_52' title='bbox 2754 1152 3100 1236; x_wconf 74' lang='lat' dir='ltr'><strong>mcmim&#39;sfi:</strong></span> <span class='ocrx_word' id='word_1_53' title='bbox 3140 1153 3369 1220; x_wconf 81' lang='lat' dir='ltr'><strong>decem.</strong></span> 
     </span>
    </p>

    <p class='ocr_par' dir='ltr' id='par_1_4' title="bbox 1307 1261 4000 1591">
     <span class='ocr_line' id='line_1_8' title="bbox 1389 1261 4000 1358; baseline -0.002 -18"><span class='ocrx_word' id='word_1_54' title='bbox 1389 1273 1521 1355; x_wconf 86' lang='grc' dir='ltr'><strong>ΕΡ.</strong></span> <span class='ocrx_word' id='word_1_55' title='bbox 1547 1261 1679 1358; x_wconf 69' lang='grc'><strong>’95.</strong></span> <span class='ocrx_word' id='word_1_56' title='bbox 1729 1275 1933 1342; x_wconf 86' lang='lat' dir='ltr'><strong>Conf.</strong></span> <span class='ocrx_word' id='word_1_57' title='bbox 1967 1291 2154 1342; x_wconf 79' lang='lat' dir='ltr'><strong>notas</strong></span> <span class='ocrx_word' id='word_1_58' title='bbox 2192 1278 2267 1342; x_wconf 89' lang='lat' dir='ltr'><strong>ad</strong></span> <span class='ocrx_word' id='word_1_59' title='bbox 2305 1275 2388 1340; x_wconf 87' lang='lat' dir='ltr'><strong>L.</strong></span> <span class='ocrx_word' id='word_1_60' title='bbox 2434 1297 2497 1340; x_wconf 86' lang='lat'><strong>2.</strong></span> <span class='ocrx_word' id='word_1_61' title='bbox 2548 1273 2630 1338; x_wconf 91' lang='lat' dir='ltr'><strong>T.</strong></span> <span class='ocrx_word' id='word_1_62' title='bbox 2666 1292 2782 1355; x_wconf 85' lang='lat'><strong>47.</strong></span> <span class='ocrx_word' id='word_1_63' title='bbox 2823 1272 2953 1354; x_wconf 88' lang='lat' dir='ltr'><strong>Ep.</strong></span> <span class='ocrx_word' id='word_1_64' title='bbox 3008 1291 3085 1337; x_wconf 92' lang='grc'><strong>10</strong></span> <span class='ocrx_word' id='word_1_65' title='bbox 3118 1287 3179 1336; x_wconf 91' lang='lat' dir='ltr'><strong>et</strong></span> <span class='ocrx_word' id='word_1_66' title='bbox 3212 1287 3322 1354; x_wconf 86' lang='lat'><strong>43.</strong></span> <span class='ocrx_word' id='word_1_67' title='bbox 3416 1290 3493 1344; x_wconf 80' lang='lat' dir='ltr'><strong>v..</strong></span> <span class='ocrx_word' id='word_1_68' title='bbox 3541 1291 3597 1340; x_wconf 90' lang='lat'><strong>1.</strong></span> <span class='ocrx_word' id='word_1_69' title='bbox 3644 1272 4000 1348; x_wconf 68' lang='grc' dir='ltr'><strong>κεκῶμικα,</strong></span> 
     </span>
     <span class='ocr_line' id='line_1_9' title="bbox 1307 1367 3997 1474; baseline -0 -22"><span class='ocrx_word' id='word_1_70' title='bbox 1307 1403 1380 1453; x_wconf 88' lang='lat' dir='ltr'><strong>ut</strong></span> <span class='ocrx_word' id='word_1_71' title='bbox 1427 1405 1591 1455; x_wconf 88' lang='lat' dir='ltr'><strong>recte</strong></span> <span class='ocrx_word' id='word_1_72' title='bbox 1625 1392 1982 1460; x_wconf 88' lang='lat' dir='ltr'><strong>Brunckius</strong></span> <span class='ocrx_word' id='word_1_73' title='bbox 2008 1441 2030 1474; x_wconf 93' lang='lat'>,</span> <span class='ocrx_word' id='word_1_74' title='bbox 2077 1395 2260 1458; x_wconf 83' lang='lat' dir='ltr'><strong>etiam</strong></span> <span class='ocrx_word' id='word_1_75' title='bbox 2301 1388 2561 1458; x_wconf 77' lang='lat' dir='ltr'><strong>Gru‘teri</strong></span> <span class='ocrx_word' id='word_1_76' title='bbox 2590 1367 2997 1470; x_wconf 78' lang='lat' dir='ltr'><strong>Exemplum·</strong></span> <span class='ocrx_word' id='word_1_77' title='bbox 3128 1404 3195 1454; x_wconf 84' lang='lat' dir='ltr'><strong>v.</strong></span> <span class='ocrx_word' id='word_1_78' title='bbox 3248 1406 3314 1470; x_wconf 80' lang='lat'><strong>3.</strong></span> <span class='ocrx_word' id='word_1_79' title='bbox 3360 1389 3529 1464; x_wconf 73' lang='grc' dir='ltr'><strong><em>πολίη</em></strong></span> <span class='ocrx_word' id='word_1_80' title='bbox 3572 1388 3691 1467; x_wconf 72' lang='grc' dir='ltr'><strong>γὰρ</strong></span> <span class='ocrx_word' id='word_1_81' title='bbox 3732 1413 3797 1454; x_wconf 69' lang='grc' dir='ltr'><strong>κ·</strong></span> <span class='ocrx_word' id='word_1_82' title='bbox 3829 1409 3889 1454; x_wconf 76' lang='grc' dir='ltr'><strong>τ.</strong></span> <span class='ocrx_word' id='word_1_83' title='bbox 3928 1401 3997 1451; x_wconf 66' lang='grc' dir='ltr'><strong>λ.</strong></span> 
     </span>
     <span class='ocr_line' id='line_1_10' title="bbox 1312 1501 2441 1591; baseline 0.006 -21"><span class='ocrx_word' id='word_1_84' title='bbox 1312 1501 1614 1574; x_wconf 88' lang='lat' dir='ltr'><strong>Tibullus</strong></span> <span class='ocrx_word' id='word_1_85' title='bbox 1654 1507 1807 1576; x_wconf 84' lang='lat' dir='ltr'><strong>Lib.</strong></span> <span class='ocrx_word' id='word_1_86' title='bbox 1851 1530 1912 1575; x_wconf 85' lang='lat'><strong>1.</strong></span> <span class='ocrx_word' id='word_1_87' title='bbox 1953 1509 2061 1575; x_wconf 90' lang='lat' dir='ltr'><strong>El.</strong></span> <span class='ocrx_word' id='word_1_88' title='bbox 2110 1530 2166 1574; x_wconf 89' lang='lat'><strong>1.</strong></span> <span class='ocrx_word' id='word_1_89' title='bbox 2215 1530 2287 1575; x_wconf 80' lang='grc' dir='ltr'><strong>ν.</strong></span> <span class='ocrx_word' id='word_1_90' title='bbox 2330 1511 2441 1591; x_wconf 85' lang='grc'><strong>65.</strong></span> 
     </span>
    </p>

    <p class='ocr_par' dir='ltr' id='par_1_5' title="bbox 1313 1617 3517 1936">
     <span class='ocr_line' id='line_1_11' title="bbox 1771 1617 3517 1710; baseline -0.003 -21"><span class='ocrx_word' id='word_1_91' title='bbox 1771 1623 1938 1708; x_wconf 85' lang='lat' dir='ltr'><strong>Jam</strong></span> <span class='ocrx_word' id='word_1_92' title='bbox 1976 1622 2274 1710; x_wconf 73' lang='lat' dir='ltr'><em>subrepet</em></span> <span class='ocrx_word' id='word_1_93' title='bbox 2317 1629 2492 1687; x_wconf 83' lang='lat' dir='ltr'><strong>iners</strong></span> <span class='ocrx_word' id='word_1_94' title='bbox 2516 1633 2717 1705; x_wconf 49' lang='lat' dir='ltr'><strong>‚aetas</strong></span> <span class='ocrx_word' id='word_1_95' title='bbox 2741 1669 2766 1702; x_wconf 90' lang='lat'>‚</span> <span class='ocrx_word' id='word_1_96' title='bbox 2810 1643 2922 1687; x_wconf 79' lang='lat' dir='ltr'><strong>nec</strong></span> <span class='ocrx_word' id='word_1_97' title='bbox 2966 1641 3189 1686; x_wconf 72' lang='lat' dir='ltr'><strong>amare</strong></span> <span class='ocrx_word' id='word_1_98' title='bbox 3230 1617 3467 1687; x_wconf 77' lang='lat' dir='ltr'><em>decebit</em></span> <span class='ocrx_word' id='word_1_99' title='bbox 3488 1663 3517 1700; x_wconf 85' lang='lat'><strong>,</strong></span> 
     </span>
     <span class='ocr_line' id='line_1_12' title="bbox 1861 1738 3466 1825; baseline -0.002 -19"><span class='ocrx_word' id='word_1_100' title='bbox 1861 1740 2098 1806; x_wconf 76' lang='lat' dir='ltr'><strong>Dicere</strong></span> <span class='ocrx_word' id='word_1_101' title='bbox 2142 1760 2252 1807; x_wconf 85' lang='lat' dir='ltr'><strong>nec</strong></span> <span class='ocrx_word' id='word_1_102' title='bbox 2295 1762 2451 1807; x_wconf 79' lang='lat' dir='ltr'><strong>cano</strong></span> <span class='ocrx_word' id='word_1_103' title='bbox 2492 1738 2843 1806; x_wconf 76' lang='lat' dir='ltr'><em>blanditias</em></span> <span class='ocrx_word' id='word_1_104' title='bbox 2884 1741 3116 1825; x_wconf 73' lang='lat' dir='ltr'><strong>capite.</strong></span> <span class='ocrx_word' id='word_1_105' title='bbox 3437 1739 3466 1750; x_wconf 63' lang='grc'><em>”</em></span> 
     </span>
     <span class='ocr_line' id='line_1_13' title="bbox 1313 1853 1992 1936; baseline 0.001 -16"><span class='ocrx_word' id='word_1_106' title='bbox 1313 1867 1382 1921; x_wconf 73' lang='lat' dir='ltr'><strong>v.</strong></span> <span class='ocrx_word' id='word_1_107' title='bbox 1427 1855 1494 1922; x_wconf 90' lang='grc'><strong>6.</strong></span> <span class='ocrx_word' id='word_1_108' title='bbox 1543 1853 1654 1920; x_wconf 82' lang='lat' dir='ltr'><strong>Bt.</strong></span> <span class='ocrx_word' id='word_1_109' title='bbox 1701 1859 1992 1936; x_wconf 64' lang='grc' dir='ltr'><strong>λαῖτᾶρης.</strong></span> 
     </span>
    </p>

    <p class='ocr_par' dir='ltr' id='par_1_6' title="bbox 1311 1961 3999 2282">
     <span class='ocr_line' id='line_1_14' title="bbox 1399 1961 3995 2054; baseline -0.004 -16"><span class='ocrx_word' id='word_1_110' title='bbox 1399 1972 1532 2054; x_wconf 90' lang='grc' dir='ltr'><strong>ΕΡ.</strong></span> <span class='ocrx_word' id='word_1_111' title='bbox 1579 1974 1691 2053; x_wconf 93' lang='grc'><strong>96.</strong></span> <span class='ocrx_word' id='word_1_112' title='bbox 1740 1981 2074 2040; x_wconf 84' lang='grc' dir='ltr'><strong>ΜΑΡΚΟΤ</strong></span> <span class='ocrx_word' id='word_1_113' title='bbox 2118 1975 2677 2041; x_wconf 78' lang='grc' dir='ltr'><strong>ΑΡΓΕΝΤΑΡΙΟΤ</strong></span> <span class='ocrx_word' id='word_1_114' title='bbox 2721 1968 2903 2033; x_wconf 74' lang='lat' dir='ltr'><strong>etlam</strong></span> <span class='ocrx_word' id='word_1_115' title='bbox 2954 1961 3219 2032; x_wconf 80' lang='lat' dir='ltr'><strong>Gruteri</strong></span> <span class='ocrx_word' id='word_1_116' title='bbox 3272 1963 3673 2048; x_wconf 78' lang='lat' dir='ltr'><strong>Exemplum.</strong></span> <span class='ocrx_word' id='word_1_117' title='bbox 3804 1982 3877 2028; x_wconf 76' lang='lat' dir='ltr'><strong>v.</strong></span> <span class='ocrx_word' id='word_1_118' title='bbox 3926 1985 3995 2046; x_wconf 83' lang='lat'><strong>3.</strong></span> 
     </span>
     <span class='ocr_line' id='line_1_15' title="bbox 1311 2078 3999 2166; baseline -0.002 -15"><span class='ocrx_word' id='word_1_119' title='bbox 1311 2078 1424 2152; x_wconf 83' lang='lat' dir='ltr'><strong>Bt.</strong></span> <span class='ocrx_word' id='word_1_120' title='bbox 1470 2095 1764 2156; x_wconf 73' lang='grc' dir='ltr'><strong>καλεῦσα.</strong></span> <span class='ocrx_word' id='word_1_121' title='bbox 1898 2105 1964 2151; x_wconf 82' lang='grc' dir='ltr'><strong>ν.</strong></span> <span class='ocrx_word' id='word_1_122' title='bbox 2012 2107 2081 2166; x_wconf 76' lang='lat'><strong>4.</strong></span> <span class='ocrx_word' id='word_1_123' title='bbox 2128 2084 2298 2152; x_wconf 87' lang='lat' dir='ltr'><strong>Cum</strong></span> <span class='ocrx_word' id='word_1_124' title='bbox 2338 2081 2657 2148; x_wconf 84' lang='lat' dir='ltr'><strong>Brunckio</strong></span> <span class='ocrx_word' id='word_1_125' title='bbox 2692 2109 2794 2152; x_wconf 79' lang='grc' dir='ltr'><strong>σευ</strong></span> <span class='ocrx_word' id='word_1_126' title='bbox 2839 2083 3230 2166; x_wconf 72' lang='lat' dir='ltr'><strong>recepimuS‚</strong></span> <span class='ocrx_word' id='word_1_127' title='bbox 3272 2095 3495 2163; x_wconf 86' lang='lat' dir='ltr'>utpote</span> <span class='ocrx_word' id='word_1_128' title='bbox 3533 2082 3712 2147; x_wconf 87' lang='lat' dir='ltr'><strong>etiam</strong></span> <span class='ocrx_word' id='word_1_129' title='bbox 3756 2078 3999 2146; x_wconf 83' lang='lat' dir='ltr'><strong>Grotio</strong></span> 
     </span>
     <span class='ocr_line' id='line_1_16' title="bbox 1313 2189 3887 2282; baseline 0.001 -19"><span class='ocrx_word' id='word_1_130' title='bbox 1313 2198 1674 2280; x_wconf 86' lang='lat' dir='ltr'><strong>probatum.</strong></span> <span class='ocrx_word' id='word_1_131' title='bbox 1765 2219 1832 2265; x_wconf 82' lang='lat' dir='ltr'><strong>v.</strong></span> <span class='ocrx_word' id='word_1_132' title='bbox 1881 2215 1946 2282; x_wconf 88' lang='grc'><strong>5.·</strong></span> <span class='ocrx_word' id='word_1_133' title='bbox 1990 2203 2122 2280; x_wconf 68' lang='grc' dir='ltr'><strong>τὶς3</strong></span> <span class='ocrx_word' id='word_1_134' title='bbox 2171 2201 2335 2266; x_wconf 71' lang='grc' dir='ltr'><em>πόθεν</em></span> <span class='ocrx_word' id='word_1_135' title='bbox 2380 2201 2459 2272; x_wconf 75' lang='grc' dir='ltr'><strong>εἷς</strong></span> <span class='ocrx_word' id='word_1_136' title='bbox 2500 2225 2562 2266; x_wconf 81' lang='grc' dir='ltr'><strong>κ.</strong></span> <span class='ocrx_word' id='word_1_137' title='bbox 2602 2223 2667 2263; x_wconf 82' lang='grc' dir='ltr'><strong>τ·</strong></span> <span class='ocrx_word' id='word_1_138' title='bbox 2711 2218 2769 2266; x_wconf 73' lang='grc' dir='ltr'><strong>λ.</strong></span> <span class='ocrx_word' id='word_1_139' title='bbox 2814 2199 3007 2268; x_wconf 83' lang='lat' dir='ltr'><strong>ovid.</strong></span> <span class='ocrx_word' id='word_1_140' title='bbox 3055 2197 3320 2264; x_wconf 84' lang='lat' dir='ltr'><strong>Heroid.</strong></span> <span class='ocrx_word' id='word_1_141' title='bbox 3362 2189 3487 2279; x_wconf 87' lang='lat' dir='ltr'><strong>Ep.</strong></span> <span class='ocrx_word' id='word_1_142' title='bbox 3528 2219 3593 2264; x_wconf 84' lang='lat'><strong>2.</strong></span> <span class='ocrx_word' id='word_1_143' title='bbox 3630 2216 3695 2264; x_wconf 82' lang='lat' dir='ltr'><strong>v.</strong></span> <span class='ocrx_word' id='word_1_144' title='bbox 3739 2200 3887 2265; x_wconf 91' lang='lat'><strong>106.</strong></span> 
     </span>
    </p>

    <p class='ocr_par' dir='ltr' id='par_1_7' title="bbox 1291 2311 4001 2862">
     <span class='ocr_line' id='line_1_17' title="bbox 1691 2311 3479 2412; baseline 0.001 -35"><span class='ocrx_word' id='word_1_145' title='bbox 1691 2312 1819 2378; x_wconf 78' lang='lat' dir='ltr'><strong>Hei</strong></span> <span class='ocrx_word' id='word_1_146' title='bbox 1863 2315 2020 2378; x_wconf 77' lang='lat' dir='ltr'><strong>mihi</strong></span> <span class='ocrx_word' id='word_1_147' title='bbox 2042 2320 2069 2379; x_wconf 76' lang='grc' dir='ltr'><strong>,Ι</strong></span> <span class='ocrx_word' id='word_1_148' title='bbox 2107 2313 2166 2396; x_wconf 82' lang='lat' dir='ltr'><em>fi</em></span> <span class='ocrx_word' id='word_1_149' title='bbox 2207 2332 2370 2396; x_wconf 80' lang='lat' dir='ltr'><strong>quae</strong></span> <span class='ocrx_word' id='word_1_150' title='bbox 2404 2311 2521 2412; x_wconf 63' lang='lat' dir='ltr'><strong>firp</strong></span> <span class='ocrx_word' id='word_1_151' title='bbox 2566 2313 2856 2399; x_wconf 70' lang='lat' dir='ltr'><strong>Phyllis,</strong></span> <span class='ocrx_word' id='word_1_152' title='bbox 2901 2327 2964 2380; x_wconf 77' lang='lat' dir='ltr'><strong>ct</strong></span> <span class='ocrx_word' id='word_1_153' title='bbox 3007 2315 3170 2382; x_wconf 78' lang='lat' dir='ltr'><strong>unde</strong></span> <span class='ocrx_word' id='word_1_154' title='bbox 3193 2311 3233 2399; x_wconf 78' lang='grc'><strong>,’</strong></span> <span class='ocrx_word' id='word_1_155' title='bbox 3263 2335 3479 2402; x_wconf 82' lang='lat' dir='ltr'><strong>rogas.</strong></span> 
     </span>
     <span class='ocr_line' id='line_1_18' title="bbox 1313 2429 3993 2526; baseline 0 -28"><span class='ocrx_word' id='word_1_156' title='bbox 1313 2431 1412 2498; x_wconf 86' lang='lat' dir='ltr'><strong>De</strong></span> <span class='ocrx_word' id='word_1_157' title='bbox 1463 2432 1579 2497; x_wconf 80' lang='lat' dir='ltr'><strong>hac</strong></span> <span class='ocrx_word' id='word_1_158' title='bbox 1635 2429 1891 2496; x_wconf 80' lang='lat' dir='ltr'><strong>solemni</strong></span> <span class='ocrx_word' id='word_1_159' title='bbox 1943 2429 2214 2495; x_wconf 84' lang='lat' dir='ltr'><strong>formula</strong></span> <span class='ocrx_word' id='word_1_160' title='bbox 2277 2433 2364 2500; x_wconf 72' lang='grc' dir='ltr'><strong>τίς</strong></span> <span class='ocrx_word' id='word_1_161' title='bbox 2420 2429 2540 2503; x_wconf 63' lang='grc' dir='ltr'><strong>εἰμὶ</strong></span> <span class='ocrx_word' id='word_1_162' title='bbox 2602 2434 2703 2494; x_wconf 70' lang='grc' dir='ltr'><strong>καὶ</strong></span> <span class='ocrx_word' id='word_1_163' title='bbox 2761 2435 2925 2498; x_wconf 62' lang='lat' dir='ltr'><strong>vlam-a</strong></span> <span class='ocrx_word' id='word_1_164' title='bbox 2968 2435 3067 2526; x_wconf 58' lang='lat' dir='ltr'><strong>aa?</strong></span> <span class='ocrx_word' id='word_1_165' title='bbox 3110 2435 3275 2500; x_wconf 72' lang='grc' dir='ltr'><strong><em>πόθεν</em></strong></span> <span class='ocrx_word' id='word_1_166' title='bbox 3340 2432 3475 2498; x_wconf 80' lang='lat' dir='ltr'><strong>vid.</strong></span> <span class='ocrx_word' id='word_1_167' title='bbox 3544 2431 3833 2516; x_wconf 84' lang='lat' dir='ltr'><strong>Lennep.</strong></span> <span class='ocrx_word' id='word_1_168' title='bbox 3913 2434 3993 2499; x_wconf 83' lang='lat' dir='ltr'><strong>ad</strong></span> 
     </span>
     <span class='ocr_line' id='line_1_19' title="bbox 1313 2541 3995 2632; baseline -0.001 -18"><span class='ocrx_word' id='word_1_169' title='bbox 1313 2545 1656 2616; x_wconf 82' lang='lat' dir='ltr'>Phalaridis</span> <span class='ocrx_word' id='word_1_170' title='bbox 1727 2547 2042 2632; x_wconf 87' lang='lat' dir='ltr'><strong>Epistolas</strong></span> <span class='ocrx_word' id='word_1_171' title='bbox 2111 2565 2180 2626; x_wconf 94' lang='lat' dir='ltr'><strong>p.</strong></span> <span class='ocrx_word' id='word_1_172' title='bbox 2247 2547 2393 2609; x_wconf 85' lang='lat'><strong>128.</strong></span> <span class='ocrx_word' id='word_1_173' title='bbox 2449 2541 2621 2608; x_wconf 84' lang='lat' dir='ltr'><strong>Fons</strong></span> <span class='ocrx_word' id='word_1_174' title='bbox 2682 2557 2778 2608; x_wconf 85' lang='lat' dir='ltr'><strong>est</strong></span> <span class='ocrx_word' id='word_1_175' title='bbox 2816 2543 3177 2628; x_wconf 77' lang='lat' dir='ltr'><strong>Homerus,</strong></span> <span class='ocrx_word' id='word_1_176' title='bbox 3224 2545 3456 2630; x_wconf 82' lang='lat' dir='ltr'><strong>Odyss.</strong></span> <span class='ocrx_word' id='word_1_177' title='bbox 3500 2547 3587 2612; x_wconf 88' lang='lat' dir='ltr'><strong>A.</strong></span> <span class='ocrx_word' id='word_1_178' title='bbox 3626 2567 3690 2613; x_wconf 91' lang='lat' dir='ltr'><strong>v.</strong></span> <span class='ocrx_word' id='word_1_179' title='bbox 3736 2565 3883 2628; x_wconf 84' lang='lat'><strong>170.</strong></span> <span class='ocrx_word' id='word_1_180' title='bbox 3930 2561 3995 2611; x_wconf 88' lang='lat' dir='ltr'><strong>et</strong></span> 
     </span>
     <span class='ocr_line' id='line_1_20' title="bbox 1291 2659 4001 2746; baseline -0 -18"><span class='ocrx_word' id='word_1_181' title='bbox 1291 2661 1486 2740; x_wconf 53' lang='lat' dir='ltr'><strong>olibi.</strong></span> <span class='ocrx_word' id='word_1_182' title='bbox 1535 2663 1734 2730; x_wconf 84' lang='lat' dir='ltr'><strong>Conf.</strong></span> <span class='ocrx_word' id='word_1_183' title='bbox 1780 2681 1842 2729; x_wconf 88' lang='lat' dir='ltr'><strong>et</strong></span> <span class='ocrx_word' id='word_1_184' title='bbox 1887 2663 2218 2730; x_wconf 87' lang='lat' dir='ltr'><strong>Lucianus</strong></span> <span class='ocrx_word' id='word_1_185' title='bbox 2276 2659 2340 2726; x_wconf 86' lang='lat' dir='ltr'><strong>in</strong></span> <span class='ocrx_word' id='word_1_186' title='bbox 2373 2659 2855 2744; x_wconf 79' lang='lat' dir='ltr'><strong>Icaromenippo</strong></span> <span class='ocrx_word' id='word_1_187' title='bbox 2908 2662 3106 2730; x_wconf 87' lang='lat' dir='ltr'><strong>Tom.</strong></span> <span class='ocrx_word' id='word_1_188' title='bbox 3152 2685 3218 2729; x_wconf 85' lang='lat'><strong>2.</strong></span> <span class='ocrx_word' id='word_1_189' title='bbox 3257 2682 3324 2745; x_wconf 91' lang='lat' dir='ltr'><strong>p.</strong></span> <span class='ocrx_word' id='word_1_190' title='bbox 3372 2668 3524 2746; x_wconf 87' lang='lat'><strong>778.</strong></span> <span class='ocrx_word' id='word_1_191' title='bbox 3571 2663 3825 2730; x_wconf 86' lang='lat' dir='ltr'><strong>Stobaei</strong></span> <span class='ocrx_word' id='word_1_192' title='bbox 3856 2663 4001 2729; x_wconf 74' lang='lat' dir='ltr'><strong>Set·-</strong></span> 
     </span>
     <span class='ocr_line' id='line_1_21' title="bbox 1315 2761 3129 2862; baseline 0.001 -18"><span class='ocrx_word' id='word_1_193' title='bbox 1315 2796 1494 2846; x_wconf 85' lang='lat' dir='ltr'><strong>mon.</strong></span> <span class='ocrx_word' id='word_1_194' title='bbox 1541 2761 1906 2846; x_wconf 79' lang='lat' dir='ltr'><strong>LXXXIV.</strong></span> <span class='ocrx_word' id='word_1_195' title='bbox 1956 2798 2027 2862; x_wconf 88' lang='grc' dir='ltr'><strong>Ρ.</strong></span> <span class='ocrx_word' id='word_1_196' title='bbox 2073 2797 2234 2860; x_wconf 85' lang='grc'><strong>493.</strong></span> <span class='ocrx_word' id='word_1_197' title='bbox 2283 2774 2533 2840; x_wconf 86' lang='lat' dir='ltr'><strong>Schotti</strong></span> <span class='ocrx_word' id='word_1_198' title='bbox 2576 2777 2813 2860; x_wconf 73' lang='lat' dir='ltr'>Adagia</span> <span class='ocrx_word' id='word_1_199' title='bbox 2858 2799 2928 2860; x_wconf 89' lang='lat' dir='ltr'><strong>p.</strong></span> <span class='ocrx_word' id='word_1_200' title='bbox 2980 2797 3129 2862; x_wconf 82' lang='lat'><strong>590.</strong></span> 
     </span>
    </p>

    <p class='ocr_par' dir='ltr' id='par_1_8' title="bbox 1309 2890 3995 3213">
     <span class='ocr_line' id='line_1_22' title="bbox 1401 2890 3991 2979; baseline 0.002 -21"><span class='ocrx_word' id='word_1_201' title='bbox 1401 2891 1530 2979; x_wconf 87' lang='lat' dir='ltr'><strong>Ep.</strong></span> <span class='ocrx_word' id='word_1_202' title='bbox 1578 2915 1691 2978; x_wconf 84' lang='lat'><strong>97.</strong></span> <span class='ocrx_word' id='word_1_203' title='bbox 1737 2905 2078 2964; x_wconf 77' lang='lat' dir='ltr'>MAIKIOT</span> <span class='ocrx_word' id='word_1_204' title='bbox 2126 2895 2306 2958; x_wconf 85' lang='lat' dir='ltr'><strong>etiam</strong></span> <span class='ocrx_word' id='word_1_205' title='bbox 2347 2890 2609 2958; x_wconf 86' lang='lat' dir='ltr'><strong>Gruteri</strong></span> <span class='ocrx_word' id='word_1_206' title='bbox 2650 2894 3055 2977; x_wconf 78' lang='lat' dir='ltr'><strong>Exemplum.</strong></span> <span class='ocrx_word' id='word_1_207' title='bbox 3148 2915 3214 2962; x_wconf 88' lang='lat' dir='ltr'><strong>v.</strong></span> <span class='ocrx_word' id='word_1_208' title='bbox 3266 2915 3325 2962; x_wconf 93' lang='lat'><strong>1.</strong></span> <span class='ocrx_word' id='word_1_209' title='bbox 3376 2897 3496 2964; x_wconf 87' lang='lat' dir='ltr'><strong>Pro</strong></span> <span class='ocrx_word' id='word_1_210' title='bbox 3540 2897 3806 2974; x_wconf 69' lang='grc' dir='ltr'><strong>Φιλήσιον</strong></span> <span class='ocrx_word' id='word_1_211' title='bbox 3844 2914 3991 2962; x_wconf 90' lang='lat' dir='ltr'><strong>cum</strong></span> 
     </span>
     <span class='ocr_line' id='line_1_23' title="bbox 1309 2991 3995 3099; baseline 0 -21"><span class='ocrx_word' id='word_1_212' title='bbox 1309 3010 1639 3078; x_wconf 83' lang='lat' dir='ltr'><strong>Brunekio</strong></span> <span class='ocrx_word' id='word_1_213' title='bbox 1673 3014 1920 3082; x_wconf 72' lang='grc' dir='ltr'><strong>Φιλιςίον</strong></span> <span class='ocrx_word' id='word_1_214' title='bbox 1963 3010 2314 3095; x_wconf 82' lang='lat' dir='ltr'><strong>recepimus</strong></span> <span class='ocrx_word' id='word_1_215' title='bbox 2340 3056 2364 3092; x_wconf 85' lang='lat'>‚</span> <span class='ocrx_word' id='word_1_216' title='bbox 2404 2991 2923 3094; x_wconf 81' lang='lat' dir='ltr'><strong>adstipulantibus</strong></span> <span class='ocrx_word' id='word_1_217' title='bbox 2966 3010 3179 3082; x_wconf 84' lang='lat' dir='ltr'><strong>Grotii</strong></span> <span class='ocrx_word' id='word_1_218' title='bbox 3212 2995 3717 3099; x_wconf 61' lang='lat' dir='ltr'><strong>iuterpretatione</strong></span> <span class='ocrx_word' id='word_1_219' title='bbox 3758 3028 3819 3079; x_wconf 86' lang='lat' dir='ltr'><strong>et</strong></span> <span class='ocrx_word' id='word_1_220' title='bbox 3854 3012 3995 3079; x_wconf 85' lang='lat' dir='ltr'><strong>Sal·</strong></span> 
     </span>
     <span class='ocr_line' id='line_1_24' title="bbox 1321 3106 3488 3213; baseline 0.002 -20"><span class='ocrx_word' id='word_1_221' title='bbox 1321 3126 1490 3194; x_wconf 81' lang='lat' dir='ltr'><strong>mafii</strong></span> <span class='ocrx_word' id='word_1_222' title='bbox 1525 3128 2097 3195; x_wconf 83' lang='lat' dir='ltr'><strong>Annotationibus.</strong></span> <span class='ocrx_word' id='word_1_223' title='bbox 2161 3187 2169 3196; x_wconf 92' lang='lat'><strong>.</strong></span> <span class='ocrx_word' id='word_1_224' title='bbox 2230 3146 2304 3193; x_wconf 87' lang='lat' dir='ltr'><strong>v.</strong></span> <span class='ocrx_word' id='word_1_225' title='bbox 2341 3106 2423 3208; x_wconf 66' lang='lat'><strong>⁸4.</strong></span> <span class='ocrx_word' id='word_1_226' title='bbox 2472 3128 2577 3193; x_wconf 86' lang='lat' dir='ltr'><strong>Bt.</strong></span> <span class='ocrx_word' id='word_1_227' title='bbox 2626 3136 2924 3199; x_wconf 62' lang='grc' dir='ltr'><strong>Φαίνεται.</strong></span> <span class='ocrx_word' id='word_1_228' title='bbox 3014 3148 3081 3196; x_wconf 83' lang='lat' dir='ltr'><strong>v.</strong></span> <span class='ocrx_word' id='word_1_229' title='bbox 3129 3148 3189 3213; x_wconf 85' lang='lat'><strong>5.</strong></span> <span class='ocrx_word' id='word_1_230' title='bbox 3236 3138 3488 3212; x_wconf 74' lang='grc' dir='ltr'><strong>γίνεται.</strong></span> 
     </span>
    </p>

    <p class='ocr_par' dir='ltr' id='par_1_9' title="bbox 1311 3242 3991 3560">
     <span class='ocr_line' id='line_1_25' title="bbox 1397 3242 3989 3327; baseline 0 -17"><span class='ocrx_word' id='word_1_231' title='bbox 1397 3245 1530 3326; x_wconf 87' lang='lat' dir='ltr'><strong>Ep.</strong></span> <span class='ocrx_word' id='word_1_232' title='bbox 1577 3248 1686 3326; x_wconf 85' lang='lat'><strong>98.</strong></span> <span class='ocrx_word' id='word_1_233' title='bbox 1753 3250 2248 3312; x_wconf 78' lang='grc' dir='ltr'><strong>ΦΙΛΟΔΗΜΟΤ</strong></span> <span class='ocrx_word' id='word_1_234' title='bbox 2313 3244 2495 3309; x_wconf 81' lang='lat' dir='ltr'><strong>etiam</strong></span> <span class='ocrx_word' id='word_1_235' title='bbox 2556 3242 2815 3309; x_wconf 87' lang='lat' dir='ltr'><strong>Gruteri</strong></span> <span class='ocrx_word' id='word_1_236' title='bbox 2869 3244 3272 3327; x_wconf 83' lang='lat' dir='ltr'><strong>Exemplum.</strong></span> <span class='ocrx_word' id='word_1_237' title='bbox 3408 3262 3472 3309; x_wconf 89' lang='lat' dir='ltr'><strong>v.</strong></span> <span class='ocrx_word' id='word_1_238' title='bbox 3523 3262 3587 3324; x_wconf 85' lang='grc'><strong>5.</strong></span> <span class='ocrx_word' id='word_1_239' title='bbox 3649 3242 3989 3319; x_wconf 64' lang='grc' dir='ltr'><strong>Φιλόδημον.</strong></span> 
     </span>
     <span class='ocr_line' id='line_1_26' title="bbox 1311 3354 3991 3443; baseline -0.002 -16"><span class='ocrx_word' id='word_1_240' title='bbox 1311 3361 1410 3427; x_wconf 92' lang='lat' dir='ltr'><strong>De</strong></span> <span class='ocrx_word' id='word_1_241' title='bbox 1454 3359 1566 3424; x_wconf 84' lang='lat' dir='ltr'><strong>hac</strong></span> <span class='ocrx_word' id='word_1_242' title='bbox 1611 3356 2037 3441; x_wconf 75' lang='lat' dir='ltr'><strong>paronomasia</strong></span> <span class='ocrx_word' id='word_1_243' title='bbox 2103 3358 2166 3424; x_wconf 89' lang='lat' dir='ltr'><strong>in</strong></span> <span class='ocrx_word' id='word_1_244' title='bbox 2233 3376 2395 3425; x_wconf 80' lang='lat' dir='ltr'><strong>voce</strong></span> <span class='ocrx_word' id='word_1_245' title='bbox 2458 3358 2856 3425; x_wconf 79' lang='lat' dir='ltr'><strong>Philodemus</strong></span> <span class='ocrx_word' id='word_1_246' title='bbox 2917 3360 3057 3429; x_wconf 80' lang='lat' dir='ltr'><strong>vide</strong></span> <span class='ocrx_word' id='word_1_247' title='bbox 3106 3374 3267 3443; x_wconf 82' lang='lat' dir='ltr'><strong>quae</strong></span> <span class='ocrx_word' id='word_1_248' title='bbox 3316 3358 3675 3427; x_wconf 82' lang='lat' dir='ltr'><strong>notavimus</strong></span> <span class='ocrx_word' id='word_1_249' title='bbox 3724 3360 3801 3427; x_wconf 83' lang='lat' dir='ltr'><strong>ad</strong></span> <span class='ocrx_word' id='word_1_250' title='bbox 3834 3354 3991 3424; x_wconf 78' lang='lat' dir='ltr'><strong>Lib.</strong></span> 
     </span>
     <span class='ocr_line' id='line_1_27' title="bbox 1313 3472 3518 3560; baseline -0.001 -17"><span class='ocrx_word' id='word_1_251' title='bbox 1313 3497 1380 3543; x_wconf 66' lang='grc' dir='ltr'><strong>α.</strong></span> <span class='ocrx_word' id='word_1_252' title='bbox 1431 3472 1518 3542; x_wconf 92' lang='grc' dir='ltr'><strong>Τ.</strong></span> <span class='ocrx_word' id='word_1_253' title='bbox 1568 3492 1631 3558; x_wconf 93' lang='grc'><strong>5.</strong></span> <span class='ocrx_word' id='word_1_254' title='bbox 1673 3476 1804 3557; x_wconf 88' lang='grc' dir='ltr'><strong>ΕΡ.</strong></span> <span class='ocrx_word' id='word_1_255' title='bbox 1851 3494 1918 3558; x_wconf 90' lang='grc'><strong>9.</strong></span> <span class='ocrx_word' id='word_1_256' title='bbox 1966 3488 2028 3539; x_wconf 89' lang='lat' dir='ltr'><strong>et</strong></span> <span class='ocrx_word' id='word_1_257' title='bbox 2071 3472 2154 3539; x_wconf 87' lang='lat' dir='ltr'><strong>L.</strong></span> <span class='ocrx_word' id='word_1_258' title='bbox 2209 3494 2271 3557; x_wconf 83' lang='lat'><strong>3.</strong></span> <span class='ocrx_word' id='word_1_259' title='bbox 2322 3472 2412 3539; x_wconf 93' lang='lat' dir='ltr'><strong>T.</strong></span> <span class='ocrx_word' id='word_1_260' title='bbox 2466 3492 2571 3556; x_wconf 91' lang='grc'><strong>15.</strong></span> <span class='ocrx_word' id='word_1_261' title='bbox 2627 3474 2746 3557; x_wconf 89' lang='lat' dir='ltr'><strong>Ep.</strong></span> <span class='ocrx_word' id='word_1_262' title='bbox 2800 3495 2863 3559; x_wconf 84' lang='lat'><strong>3.</strong></span> <span class='ocrx_word' id='word_1_263' title='bbox 2994 3496 3060 3544; x_wconf 77' lang='grc' dir='ltr'><strong>ν.</strong></span> <span class='ocrx_word' id='word_1_264' title='bbox 3108 3480 3175 3543; x_wconf 88' lang='grc'><strong>6.</strong></span> <span class='ocrx_word' id='word_1_265' title='bbox 3220 3477 3328 3543; x_wconf 88' lang='lat' dir='ltr'><strong>Br.</strong></span> <span class='ocrx_word' id='word_1_266' title='bbox 3372 3478 3518 3560; x_wconf 72' lang='grc' dir='ltr'><strong>ἔχοι.</strong></span> 
     </span>
    </p>

    <p class='ocr_par' dir='ltr' id='par_1_10' title="bbox 1251 3588 3995 4367">
     <span class='ocr_line' id='line_1_28' title="bbox 1397 3588 3993 3676; baseline -0.001 -19"><span class='ocrx_word' id='word_1_267' title='bbox 1397 3590 1530 3675; x_wconf 87' lang='grc' dir='ltr'><strong>ΕΡ.</strong></span> <span class='ocrx_word' id='word_1_268' title='bbox 1577 3610 1686 3675; x_wconf 90' lang='grc'><strong>99.</strong></span> <span class='ocrx_word' id='word_1_269' title='bbox 1737 3610 1804 3657; x_wconf 88' lang='lat' dir='ltr'><strong>v.</strong></span> <span class='ocrx_word' id='word_1_270' title='bbox 1859 3610 1920 3655; x_wconf 91' lang='lat'><strong>1.</strong></span> <span class='ocrx_word' id='word_1_271' title='bbox 1968 3588 2166 3661; x_wconf 70' lang='grc' dir='ltr'><strong>Μικκῆ</strong></span> <span class='ocrx_word' id='word_1_272' title='bbox 2219 3590 2320 3655; x_wconf 72' lang='grc' dir='ltr'><strong>καὶ</strong></span> <span class='ocrx_word' id='word_1_273' title='bbox 2376 3590 2739 3669; x_wconf 70' lang='grc' dir='ltr'><strong>μελανὲῦσα.</strong></span> <span class='ocrx_word' id='word_1_274' title='bbox 2800 3590 2903 3656; x_wconf 88' lang='lat' dir='ltr'><strong>Sic</strong></span> <span class='ocrx_word' id='word_1_275' title='bbox 2960 3591 3217 3676; x_wconf 86' lang='lat' dir='ltr'><strong>Sappho</strong></span> <span class='ocrx_word' id='word_1_276' title='bbox 3269 3594 3439 3673; x_wconf 86' lang='lat' dir='ltr'><strong>apud</strong></span> <span class='ocrx_word' id='word_1_277' title='bbox 3476 3588 3675 3656; x_wconf 83' lang='lat' dir='ltr'><strong>ovid.</strong></span> <span class='ocrx_word' id='word_1_278' title='bbox 3722 3588 3993 3656; x_wconf 67' lang='lat' dir='ltr'><strong>Herold.</strong></span> 
     </span>
     <span class='ocr_line' id='line_1_29' title="bbox 1311 3702 3989 3791; baseline -0 -16"><span class='ocrx_word' id='word_1_279' title='bbox 1311 3708 1442 3791; x_wconf 88' lang='lat' dir='ltr'><strong>Ep.</strong></span> <span class='ocrx_word' id='word_1_280' title='bbox 1477 3725 1581 3791; x_wconf 88' lang='grc'><strong>15.</strong></span> <span class='ocrx_word' id='word_1_281' title='bbox 1617 3728 1684 3774; x_wconf 90' lang='lat' dir='ltr'><strong>v.</strong></span> <span class='ocrx_word' id='word_1_282' title='bbox 1714 3728 1792 3791; x_wconf 84' lang='lat'><strong>33</strong></span> <span class='ocrx_word' id='word_1_283' title='bbox 1829 3720 1889 3771; x_wconf 89' lang='lat' dir='ltr'><strong>et</strong></span> <span class='ocrx_word' id='word_1_284' title='bbox 1933 3707 2040 3789; x_wconf 79' lang='lat'><strong>36.</strong></span> <span class='ocrx_word' id='word_1_285' title='bbox 2129 3703 2268 3769; x_wconf 83' lang='lat' dir='ltr'><strong>lbid</strong></span> <span class='ocrx_word' id='word_1_286' title='bbox 2309 3714 2372 3768; x_wconf 85' lang='lat' dir='ltr'><strong>et</strong></span> <span class='ocrx_word' id='word_1_287' title='bbox 2416 3724 2483 3770; x_wconf 89' lang='lat' dir='ltr'><strong>v.</strong></span> <span class='ocrx_word' id='word_1_288' title='bbox 2526 3718 2591 3784; x_wconf 80' lang='lat'><strong>5.</strong></span> <span class='ocrx_word' id='word_1_289' title='bbox 2643 3702 2859 3785; x_wconf 82' lang='lat' dir='ltr'><strong>Vulgo</strong></span> <span class='ocrx_word' id='word_1_290' title='bbox 2906 3708 3217 3775; x_wconf 74' lang='grc' dir='ltr'><strong>Φιλαίνιον.</strong></span> <span class='ocrx_word' id='word_1_291' title='bbox 3262 3706 3519 3773; x_wconf 84' lang='lat' dir='ltr'><strong>Gruteri</strong></span> <span class='ocrx_word' id='word_1_292' title='bbox 3556 3708 3681 3773; x_wconf 75' lang='lat' dir='ltr'><strong>Ex.</strong></span> <span class='ocrx_word' id='word_1_293' title='bbox 3723 3712 3989 3775; x_wconf 62' lang='lat' dir='ltr'><strong>omium.</strong></span> 
     </span>
     <span class='ocr_line' id='line_1_30' title="bbox 1306 3818 3994 3903; baseline 0 -18"><span class='ocrx_word' id='word_1_294' title='bbox 1306 3820 1454 3886; x_wconf 92' lang='lat' dir='ltr'><strong>Nos</strong></span> <span class='ocrx_word' id='word_1_295' title='bbox 1497 3826 1764 3891; x_wconf 66' lang='grc' dir='ltr'><strong><em>Φιλίννιον</em></strong></span> <span class='ocrx_word' id='word_1_296' title='bbox 1805 3840 1950 3885; x_wconf 91' lang='lat' dir='ltr'><strong>cum</strong></span> <span class='ocrx_word' id='word_1_297' title='bbox 1996 3820 2230 3887; x_wconf 79' lang='lat' dir='ltr'><strong>Grotio</strong></span> <span class='ocrx_word' id='word_1_298' title='bbox 2273 3834 2337 3883; x_wconf 85' lang='lat' dir='ltr'><strong>et</strong></span> <span class='ocrx_word' id='word_1_299' title='bbox 2380 3818 2700 3885; x_wconf 80' lang='lat' dir='ltr'><strong>Brunckio</strong></span> <span class='ocrx_word' id='word_1_300' title='bbox 2747 3822 3116 3903; x_wconf 81' lang='lat' dir='ltr'><strong>recepimus.</strong></span> <span class='ocrx_word' id='word_1_301' title='bbox 3206 3842 3267 3887; x_wconf 85' lang='lat' dir='ltr'><strong>v.</strong></span> <span class='ocrx_word' id='word_1_302' title='bbox 3313 3844 3375 3886; x_wconf 83' lang='lat'><strong>2.</strong></span> <span class='ocrx_word' id='word_1_303' title='bbox 3422 3824 3521 3887; x_wconf 72' lang='grc' dir='ltr'><strong>καὶ</strong></span> <span class='ocrx_word' id='word_1_304' title='bbox 3568 3828 3709 3901; x_wconf 68' lang='lat' dir='ltr'><strong>moi)</strong></span> <span class='ocrx_word' id='word_1_305' title='bbox 3747 3820 3994 3885; x_wconf 85' lang='lat' dir='ltr'><strong>Brunc-</strong></span> 
     </span>
     <span class='ocr_line' id='line_1_31' title="bbox 1251 3932 3985 4024; baseline 0.001 -25"><span class='ocrx_word' id='word_1_306' title='bbox 1251 3934 1450 3999; x_wconf 81' lang='lat' dir='ltr'><strong>‘kius</strong></span> <span class='ocrx_word' id='word_1_307' title='bbox 1509 3948 1570 3997; x_wconf 89' lang='lat' dir='ltr'><strong>et</strong></span> <span class='ocrx_word' id='word_1_308' title='bbox 1631 3932 1902 3999; x_wconf 83' lang='lat' dir='ltr'><strong>Salmafii</strong></span> <span class='ocrx_word' id='word_1_309' title='bbox 1961 3936 2451 4024; x_wconf 73' lang='lat' dir='ltr'><strong>AunotationeS.</strong></span> <span class='ocrx_word' id='word_1_310' title='bbox 2550 3934 2753 3999; x_wconf 84' lang='lat' dir='ltr'><strong>Conf.</strong></span> <span class='ocrx_word' id='word_1_311' title='bbox 2830 3934 3305 4015; x_wconf 74' lang='lat' dir='ltr'><strong>VVyttenbachii</strong></span> <span class='ocrx_word' id='word_1_312' title='bbox 3370 3933 3672 4001; x_wconf 86' lang='lat' dir='ltr'><strong>Biblioth.</strong></span> <span class='ocrx_word' id='word_1_313' title='bbox 3755 3934 3985 4001; x_wconf 83' lang='lat' dir='ltr'><strong>Critic.</strong></span> 
     </span>
     <span class='ocr_line' id='line_1_32' title="bbox 1305 4024 3995 4131; baseline 0.001 -18"><span class='ocrx_word' id='word_1_314' title='bbox 1305 4048 1458 4115; x_wconf 74' lang='lat' dir='ltr'><strong>Vol.</strong></span> <span class='ocrx_word' id='word_1_315' title='bbox 1531 4069 1594 4131; x_wconf 87' lang='lat'><strong>3.</strong></span> <span class='ocrx_word' id='word_1_316' title='bbox 1657 4048 1838 4114; x_wconf 86' lang='lat' dir='ltr'><strong>Parte</strong></span> <span class='ocrx_word' id='word_1_317' title='bbox 1907 4069 1967 4131; x_wconf 86' lang='lat'><strong>3.</strong></span> <span class='ocrx_word' id='word_1_318' title='bbox 2029 4069 2098 4130; x_wconf 91' lang='lat' dir='ltr'><strong>p.</strong></span> <span class='ocrx_word' id='word_1_319' title='bbox 2171 4067 2316 4113; x_wconf 76' lang='lat'><strong>122.</strong></span> <span class='ocrx_word' id='word_1_320' title='bbox 2387 4044 2723 4129; x_wconf 83' lang='lat' dir='ltr'><strong>Vulgatam</strong></span> <span class='ocrx_word' id='word_1_321' title='bbox 2780 4050 3108 4115; x_wconf 77' lang='lat' dir='ltr'><strong>lectionem</strong></span> <span class='ocrx_word' id='word_1_322' title='bbox 3155 4024 3254 4119; x_wconf 59' lang='lat' dir='ltr'><strong>aba)</strong></span> <span class='ocrx_word' id='word_1_323' title='bbox 3297 4054 3477 4129; x_wconf 68' lang='grc' dir='ltr'><em>ἀμνοῦ</em></span> <span class='ocrx_word' id='word_1_324' title='bbox 3522 4068 3557 4114; x_wconf 86' lang='lat' dir='ltr'>a</span> <span class='ocrx_word' id='word_1_325' title='bbox 3600 4046 3837 4115; x_wconf 88' lang='lat' dir='ltr'><strong>Grotio</strong></span> <span class='ocrx_word' id='word_1_326' title='bbox 3880 4068 3995 4117; x_wconf 84' lang='lat' dir='ltr'><strong>ex·</strong></span> 
     </span>
     <span class='ocr_line' id='line_1_33' title="bbox 1310 4160 3981 4249; baseline 0 -20"><span class='ocrx_word' id='word_1_327' title='bbox 1310 4164 1578 4249; x_wconf 83' lang='lat' dir='ltr'><strong>pressam</strong></span> <span class='ocrx_word' id='word_1_328' title='bbox 1642 4178 1855 4231; x_wconf 85' lang='lat' dir='ltr'><strong>tuetur</strong></span> <span class='ocrx_word' id='word_1_329' title='bbox 1922 4160 2013 4227; x_wconf 88' lang='lat' dir='ltr'><strong>H.</strong></span> <span class='ocrx_word' id='word_1_330' title='bbox 2080 4160 2442 4245; x_wconf 87' lang='lat' dir='ltr'><strong>Stephanus</strong></span> <span class='ocrx_word' id='word_1_331' title='bbox 2508 4163 2573 4230; x_wconf 89' lang='lat' dir='ltr'><strong>in</strong></span> <span class='ocrx_word' id='word_1_332' title='bbox 2638 4160 2831 4229; x_wconf 89' lang='lat' dir='ltr'><strong>Thes.</strong></span> <span class='ocrx_word' id='word_1_333' title='bbox 2887 4164 2976 4233; x_wconf 92' lang='lat' dir='ltr'><strong>L.</strong></span> <span class='ocrx_word' id='word_1_334' title='bbox 3038 4168 3161 4237; x_wconf 89' lang='lat' dir='ltr'><strong>Gr.</strong></span> <span class='ocrx_word' id='word_1_335' title='bbox 3231 4166 3385 4234; x_wconf 91' lang='lat' dir='ltr'><strong>Vol.</strong></span> <span class='ocrx_word' id='word_1_336' title='bbox 3440 4183 3503 4247; x_wconf 85' lang='lat'><strong>3.</strong></span> <span class='ocrx_word' id='word_1_337' title='bbox 3571 4184 3639 4248; x_wconf 89' lang='lat' dir='ltr'><strong>p.</strong></span> <span class='ocrx_word' id='word_1_338' title='bbox 3694 4184 3879 4249; x_wconf 85' lang='lat'><strong>1039.</strong></span> <span class='ocrx_word' id='word_1_339' title='bbox 3926 4162 3981 4231; x_wconf 84' lang='lat' dir='ltr'><strong>f.</strong></span> 
     </span>
     <span class='ocr_line' id='line_1_34' title="bbox 1307 4278 2965 4367; baseline -0.002 -18"><span class='ocrx_word' id='word_1_340' title='bbox 1307 4302 1380 4349; x_wconf 80' lang='lat' dir='ltr'><strong>v.</strong></span> <span class='ocrx_word' id='word_1_341' title='bbox 1431 4302 1486 4367; x_wconf 82' lang='lat'><strong>3·</strong></span> <span class='ocrx_word' id='word_1_342' title='bbox 1534 4284 1874 4361; x_wconf 70' lang='grc' dir='ltr'><strong>μαγώτερα.</strong></span> <span class='ocrx_word' id='word_1_343' title='bbox 1919 4278 2069 4343; x_wconf 91' lang='lat' dir='ltr'><strong>Vid.</strong></span> <span class='ocrx_word' id='word_1_344' title='bbox 2113 4278 2338 4345; x_wconf 85' lang='lat' dir='ltr'><strong>Suidas</strong></span> <span class='ocrx_word' id='word_1_345' title='bbox 2386 4278 2471 4346; x_wconf 91' lang='lat' dir='ltr'><strong>T.</strong></span> <span class='ocrx_word' id='word_1_346' title='bbox 2517 4300 2577 4345; x_wconf 79' lang='lat'><strong>2·</strong></span> <span class='ocrx_word' id='word_1_347' title='bbox 2620 4300 2686 4363; x_wconf 85' lang='lat' dir='ltr'><strong>p·</strong></span> <span class='ocrx_word' id='word_1_348' title='bbox 2727 4282 2881 4360; x_wconf 88' lang='grc'><strong>480.</strong></span> <span class='ocrx_word' id='word_1_349' title='bbox 2957 4328 2965 4346; x_wconf 44' lang='lat' dir='ltr'><strong>l</strong></span> 
     </span>
    </p>

    <p class='ocr_par' dir='ltr' id='par_1_11' title="bbox 1392 4374 3976 4482">
     <span class='ocr_line' id='line_1_35' title="bbox 1392 4374 3976 4482; baseline -0.004 -15"><span class='ocrx_word' id='word_1_350' title='bbox 1392 4400 1526 4482; x_wconf 91' lang='lat' dir='ltr'><strong>Ep.</strong></span> <span class='ocrx_word' id='word_1_351' title='bbox 1579 4416 1728 4462; x_wconf 91' lang='lat'><strong>100.</strong></span> <span class='ocrx_word' id='word_1_352' title='bbox 1776 4415 1842 4461; x_wconf 81' lang='lat' dir='ltr'><strong>v.</strong></span> <span class='ocrx_word' id='word_1_353' title='bbox 1899 4414 1958 4462; x_wconf 86' lang='lat'><strong>1.</strong></span> <span class='ocrx_word' id='word_1_354' title='bbox 2010 4416 2073 4462; x_wconf 88' lang='lat'><strong>2.</strong></span> <span class='ocrx_word' id='word_1_355' title='bbox 2120 4388 2323 4462; x_wconf 87' lang='lat' dir='ltr'><strong>Conf.</strong></span> <span class='ocrx_word' id='word_1_356' title='bbox 2372 4395 2615 4478; x_wconf 82' lang='lat' dir='ltr'><strong>Toupii</strong></span> <span class='ocrx_word' id='word_1_357' title='bbox 2663 4374 3249 4463; x_wconf 59' lang='lat' dir='ltr'><strong>Curas‘Posterior.</strong></span> <span class='ocrx_word' id='word_1_358' title='bbox 3299 4394 3366 4459; x_wconf 84' lang='lat' dir='ltr'><strong>in</strong></span> <span class='ocrx_word' id='word_1_359' title='bbox 3408 4392 3735 4459; x_wconf 83' lang='lat' dir='ltr'><strong>Theocrit.</strong></span> <span class='ocrx_word' id='word_1_360' title='bbox 3780 4386 3976 4473; x_wconf 73' lang='grc' dir='ltr'><strong>Ρ.44··.</strong></span> 
     </span>
    </p>
   </div>
   <div class='ocr_carea' id='block_1_4' title="bbox 1169 4508 3975 4594">
    <p class='ocr_par' dir='ltr' id='par_1_12' title="bbox 1169 4508 3975 4594">
     <span class='ocr_line' id='line_1_36' title="bbox 1169 4508 3975 4594; baseline -0.005 -11"><span class='ocrx_word' id='word_1_361' title='bbox 1169 4554 1176 4565; x_wconf 83' lang='grc'><em>·</em></span> <span class='ocrx_word' id='word_1_362' title='bbox 1313 4533 1376 4583; x_wconf 82' lang='lat' dir='ltr'><strong>et</strong></span> <span class='ocrx_word' id='word_1_363' title='bbox 1415 4514 1714 4580; x_wconf 80' lang='lat' dir='ltr'><strong>Warton.</strong></span> <span class='ocrx_word' id='word_1_364' title='bbox 1765 4510 1916 4581; x_wconf 80' lang='lat' dir='ltr'><strong>Vol.</strong></span> <span class='ocrx_word' id='word_1_365' title='bbox 1972 4534 2031 4577; x_wconf 90' lang='lat'><strong>1.</strong></span> <span class='ocrx_word' id='word_1_366' title='bbox 2079 4532 2148 4594; x_wconf 93' lang='lat' dir='ltr'><strong>p.</strong></span> <span class='ocrx_word' id='word_1_367' title='bbox 2203 4530 2351 4592; x_wconf 86' lang='lat'><strong>134.</strong></span> <span class='ocrx_word' id='word_1_368' title='bbox 2395 4512 2600 4579; x_wconf 88' lang='lat' dir='ltr'><strong>Anth.</strong></span> <span class='ocrx_word' id='word_1_369' title='bbox 2645 4511 2763 4577; x_wconf 87' lang='lat' dir='ltr'><strong>Gr.</strong></span> <span class='ocrx_word' id='word_1_370' title='bbox 2814 4512 2967 4577; x_wconf 77' lang='lat' dir='ltr'><strong>L‘ib.</strong></span> <span class='ocrx_word' id='word_1_371' title='bbox 3020 4534 3085 4575; x_wconf 82' lang='lat'><strong>2.</strong></span> <span class='ocrx_word' id='word_1_372' title='bbox 3132 4508 3218 4573; x_wconf 91' lang='lat' dir='ltr'><strong>T.</strong></span> <span class='ocrx_word' id='word_1_373' title='bbox 3261 4528 3373 4589; x_wconf 84' lang='lat'><strong>47.</strong></span> <span class='ocrx_word' id='word_1_374' title='bbox 3420 4509 3550 4590; x_wconf 90' lang='lat' dir='ltr'><strong>Ep.</strong></span> <span class='ocrx_word' id='word_1_375' title='bbox 3590 4528 3705 4591; x_wconf 81' lang='lat'><strong>43.</strong></span> <span class='ocrx_word' id='word_1_376' title='bbox 3797 4525 3861 4570; x_wconf 84' lang='lat' dir='ltr'><strong>v.</strong></span> <span class='ocrx_word' id='word_1_377' title='bbox 3902 4524 3975 4587; x_wconf 84' lang='lat'><strong>4.</strong></span> 
     </span>
    </p>
   </div>
   <div class='ocr_carea' id='block_1_5' title="bbox 1311 4620 3979 4713">
    <p class='ocr_par' dir='ltr' id='par_1_13' title="bbox 1311 4620 3979 4713">
     <span class='ocr_line' id='line_1_37' title="bbox 1311 4620 3979 4713; baseline -0.004 -18"><span class='ocrx_word' id='word_1_378' title='bbox 1311 4636 1500 4713; x_wconf 67' lang='grc' dir='ltr'><strong><em>γνώσῃ</em></strong></span> <span class='ocrx_word' id='word_1_379' title='bbox 1563 4632 1803 4706; x_wconf 75' lang='grc' dir='ltr'>δύσμορε</span> <span class='ocrx_word' id='word_1_380' title='bbox 1843 4628 2162 4707; x_wconf 58' lang='lat' dir='ltr'><strong>tummim.</strong></span> <span class='ocrx_word' id='word_1_381' title='bbox 2220 4625 2494 4694; x_wconf 83' lang='lat' dir='ltr'><strong>Grotius</strong></span> <span class='ocrx_word' id='word_1_382' title='bbox 2545 4629 2618 4695; x_wconf 83' lang='lat' dir='ltr'><strong>in</strong></span> <span class='ocrx_word' id='word_1_383' title='bbox 2664 4628 2945 4696; x_wconf 86' lang='lat' dir='ltr'><strong>verfione</strong></span> <span class='ocrx_word' id='word_1_384' title='bbox 2970 4650 2975 4655; x_wconf 87' lang='lat'><em>·</em></span> <span class='ocrx_word' id='word_1_385' title='bbox 3002 4641 3215 4692; x_wconf 81' lang='lat' dir='ltr'><strong>tactus</strong></span> <span class='ocrx_word' id='word_1_386' title='bbox 3256 4625 3337 4691; x_wconf 77' lang='lat' dir='ltr'><strong>ab</strong></span> <span class='ocrx_word' id='word_1_387' title='bbox 3374 4628 3521 4711; x_wconf 76' lang='lat' dir='ltr'><strong>igne</strong></span> <span class='ocrx_word' id='word_1_388' title='bbox 3540 4624 3707 4701; x_wconf 72' lang='lat' dir='ltr'><strong>ficies</strong></span> <span class='ocrx_word' id='word_1_389' title='bbox 3726 4668 3749 4702; x_wconf 86' lang='lat'><strong>,</strong></span> <span class='ocrx_word' id='word_1_390' title='bbox 3800 4620 3979 4702; x_wconf 77' lang='lat' dir='ltr'><strong>quod</strong></span> 
     </span>
    </p>
   </div>
   <div class='ocr_carea' id='block_1_6' title="bbox 1313 4736 3983 4914">
    <p class='ocr_par' dir='ltr' id='par_1_14' title="bbox 1313 4736 3983 4914">
     <span class='ocr_line' id='line_1_38' title="bbox 1313 4736 3977 4845; baseline -0.005 -33"><span class='ocrx_word' id='word_1_391' title='bbox 1313 4758 1550 4813; x_wconf 82' lang='lat' dir='ltr'><strong>eontra·</strong></span> <span class='ocrx_word' id='word_1_392' title='bbox 1573 4742 1752 4811; x_wconf 81' lang='lat' dir='ltr'><strong>metri</strong></span> <span class='ocrx_word' id='word_1_393' title='bbox 1807 4743 1978 4829; x_wconf 79' lang='lat' dir='ltr'><strong>leges</strong></span> <span class='ocrx_word' id='word_1_394' title='bbox 2027 4740 2154 4809; x_wconf 73' lang='lat' dir='ltr'><strong>esse</strong></span> <span class='ocrx_word' id='word_1_395' title='bbox 2209 4742 2479 4827; x_wconf 81' lang='lat' dir='ltr'><strong>quidam.</strong></span> <span class='ocrx_word' id='word_1_396' title='bbox 2502 4746 2730 4845; x_wconf 72' lang='lat' dir='ltr'><strong>volum</strong></span> <span class='ocrx_word' id='word_1_397' title='bbox 2752 4790 2776 4833; x_wconf 89' lang='lat'>,</span> <span class='ocrx_word' id='word_1_398' title='bbox 2824 4744 3122 4831; x_wconf 85' lang='lat' dir='ltr'><strong>quoniam</strong></span> <span class='ocrx_word' id='word_1_399' title='bbox 3154 4736 3478 4823; x_wconf 79' lang='lat' dir='ltr'><strong>scilicetsc</strong></span> <span class='ocrx_word' id='word_1_400' title='bbox 3506 4738 3597 4827; x_wconf 77' lang='lat' dir='ltr'><strong>sp·</strong></span> <span class='ocrx_word' id='word_1_401' title='bbox 3616 4738 3699 4827; x_wconf 83' lang='lat' dir='ltr'><strong>sq</strong></span> <span class='ocrx_word' id='word_1_402' title='bbox 3731 4737 3812 4823; x_wconf 82' lang='lat' dir='ltr'><strong>st.</strong></span> <span class='ocrx_word' id='word_1_403' title='bbox 3860 4754 3977 4800; x_wconf 80' lang='lat' dir='ltr'><strong>vo-</strong></span> 
     </span>
     <span class='ocr_line' id='line_1_39' title="bbox 3483 4867 3983 4914; baseline -0.006 2"><span class='ocrx_word' id='word_1_404' title='bbox 3483 4872 3491 4883; x_wconf 60' lang='lat'><em>0</em></span> <span class='ocrx_word' id='word_1_405' title='bbox 3878 4867 3983 4914; x_wconf 70' lang='lat' dir='ltr'><strong>ca-</strong></span> 
     </span>
    </p>
   </div>
   <div class='ocr_carea' id='block_1_7' title="bbox 4650 4308 4660 5270">
    <p class='ocr_par' dir='ltr' id='par_1_15' title="bbox 4650 4308 4660 5270">
     <span class='ocr_line' id='line_1_40' title="bbox 4650 4308 4660 5270; baseline 0 0"><span class='ocrx_word' id='word_1_406' title='bbox 4650 4308 4660 5270; x_wconf 95' lang='lat' dir='ltr'><strong> </strong></span> 
     </span>
    </p>
   </div>
  </div>
 </body>
</html>
