4750 6000
1209 623 1365 676 mv
2118 561 3221 668 Latina-1⁴10-

1219 820 1357 872 rum
1414 799 1548 866 eius
1605 799 1715 876 ,vel
1775 795 1976 864 tristia
2043 797 2144 860 vel
2197 797 2454 862 adversa
2513 810 2798 880 tempora
2835 840 2858 876 ,
2920 797 3155 877 quibus
3212 814 3347 865 non
3422 809 3793 879 magnopere
3845 797 4072 862 huma·

1221 948 1524 1016 nissimus
1593 944 1731 1010 eius
1789 941 2033 1008 animus
2093 940 2484 1024 afficeretur,
2540 941 2696 1008 huic
2758 941 3024 1030 affectus
3097 943 3164 1010 in
3224 961 3299 1009 eo
3380 936 3752 1025 benignitati
3811 959 4073 1008 succur-

1219 1087 1392 1158 rebat
1442 1105 1690 1170 semper
1761 1101 1959 1166 aequa
2033 1084 2324 1152 carminis
2397 1098 2460 1150 et
2535 1101 2730 1152 xvenae
2792 1085 3173 1171 benignitas.
3256 1085 3477 1168 Itaque
3554 1086 3623 1153 in
3690 1085 4069 1153 collectione
4178 1109 4183 1116 ·

1219 1239 1575 1321 poematum
1638 1233 1776 1302 eius
1814 1282 1837 1318 ,
1899 1252 2083 1316 quam
2145 1233 2282 1316 ipse
2340 1247 2563 1299 auctor
2614 1236 2821 1302 edidit
2888 1257 3056 1304 anno
3120 1236 3315 1305 huius
3378 1232 3612 1302 saeculi
3676 1233 3906 1316 tertio,
3970 1235 4069 1300 in·

1219 1401 1474 1457 numera
1531 1383 1755 1449 insunt
1817 1399 1893 1444 ex
1954 1382 2031 1444 eo
2103 1395 2324 1462 genere
2378 1376 2649 1446 carmina
2685 1427 2710 1464 ‚
2768 1379 3006 1462 quibus
3069 1382 3251 1451 lectis
3310 1380 3559 1450 nescias
3582 1427 3607 1464 ,
3667 1396 3881 1448 utrum
3940 1396 4069 1446 ma·

1221 1532 1315 1619 gis
1379 1549 1737 1598 noscam-M
1791 1530 2054 1613 ‘poetam
2117 1529 2435 1596 admireris
2468 1574 2494 1609 ,
2559 1547 2637 1594 an
2708 1497 2861 1594 ve'ro
2918 1544 3087 1594 ames
3151 1529 3470 1598 hominem
3511 1575 3537 1613 ,
3614 1549 3802 1613 quem
3868 1526 4068 1598 fuisse

1216 1681 1480 1748 maxime
1517 1680 1698 1764 pium
1759 1679 2064 1761 -fratrem,
2131 1678 2395 1746 maxime
2444 1661 2645 1746 -iidum
2710 1679 3029 1761 amicum,
3090 1680 3357 1746 maxime
3401 1679 3666 1747 hilarum
3730 1682 4063 1750 convivam

1219 1828 1532 1894 luculente
1607 1829 1840 1911 scripta
1915 1829 2052 1896 eius
2131 1841 2416 1912 arguant.
2501 1827 2642 1894 Nec
2718 1842 2931 1894 tamen
2998 1828 3150 1896 hinc
3235 1828 3626 1898 efficiendum
3668 1877 3694 1913 ‚
3774 1846 3923 1894 eum
4002 1825 4069 1893 in

1219 1975 1566 2063 grandioris
1645 1975 1774 2043 stili
1843 1977 2226 2061 argumentis
2300 1995 2521 2062 parum
2600 1991 2711 2044 aut
2780 1977 2944 2044 nihil
3010 1978 3195 2062 poesi
3268 1979 3567 2048 valuisse.
3661 1977 4067 2046 Contrarium

1224 2123 1453 2189 docent
1515 2123 1628 2189 alia
1693 2123 1760 2188 in
1825 2123 2034 2190 eadem
2096 2123 2469 2190 collectione
2540 2121 2839 2190 carmina.
2931 2123 3036 2190 Sic
3098 2124 3527 2207 Epistola
3585 2127 3681 2192 ad
3745 2123 4073 2192 Corne·

3479 2269 3891 2286 00000

1221 2415 1616 2496 quorundam
1675 2415 2098 2496 importunam
2165 2415 2581 2498 arrogantiam
2642 2424 2707 2479 et
2775 2412 3041 2478 aliorum
3108 2412 3413 2479 abiectam
3478 2415 3871 2482 servitutem.
3958 2411 4067 2480 Sic

1217 2558 1286 2623 in
1363 2555 1586 2622 maiori
1656 2557 1926 2626 carmine
1999 2553 2302 2638 heroico„
2374 2555 2453 2622 de
2524 2527 3123 2634 Aequalitate
3200 2551 3717 2638 Hominum,
3781 2555 3937 2623 boni
4006 2567 4069 2620 et

1217 2703 1550 2785 prudentis
1601 2700 1738 2768 'viri
1796 2720 1993 2785 super
2053 2702 2244 2767 ardua
2315 2691 2682 2779 quaestione
2744 2694 3113 2760 sententiam
3188 2711 3384 2776 paene
3446 2697 3813 2780 virgilianis
3872 2703 4071 2768 versi·

1213 2849 1348 2918 bns
1419 2853 1766 2937 exposuit3
1855 2854 1921 2918 in
2007 2851 2296 2918 tradenda
2368 2863 2624 2931 autem,
2698 2845 2916 2913 eodem
3003 2845 3297 2915 carminis
3361 2865 3587 2931 genere
3630 2895 3655 2928 ,
3736 2850 4069 2918 Ethica

1221 2994 1891 3078 Philosophiae
1951 2992 2411 3073 Critie-ae,
2474 3010 2781 3059 summam
2828 2992 3178 3076 argumenti
3242 2991 3664 3061 difficultatem
3712 2995 4070 3063 felicissime

1224 3134 1486 3219 ingenio
1547 3140 1900 3223 superavit.
1985 3138 2140 3207 Non
2189 3136 2473 3206 reticebo
2534 3136 2637 3203 hic
2694 3153 2969 3205 Boscuu
3024 3136 3489 3204 nobilissimum
3553 3138 3823 3205 Carmen
3881 3138 4071 3223 Lyri-

1231 3304 1374 3356 cum
1417 3290 1514 3353 ad
1560 3288 2259 3373 Napoleontem,
2307 3306 2438 3368 quo
2476 3301 2711 3369 partam
2774 3287 2967 3353 huius
3020 3283 3307 3352 victoriis
3367 3286 3575 3369 primo
3627 3286 3848 3355 Italico
3898 3288 4067 3354 bello

1227 3460 1443 3526 pacem
1503 3442 1836 3528 magnifice
1911 3458 1972 3508 et
2029 3402 2381 3507 Horatiano
2436 3458 2609 3507 more
2671 3440 3030 3507 celebravit.
3120 3439 3278 3507 Non
3342 3439 3581 3524 pigebit
3636 3458 3737 3505 me
3794 3437 4062 3523 referre,

1223 3611 1582 3661 mosenum
1640 3591 1844 3660 fuisse
1902 3611 1986 3659 ex
2048 3593 2174 3675 iis,
2237 3612 2509 3676 quorum
2576 3594 2770 3662 horno
2832 3596 2950 3661 iste
3008 3595 3263 3661 candori
3319 3594 3628 3675 illuserit,
3701 3597 4075 3663 ostentatio·

1229 3757 1309 3807 ne
1370 3756 1502 3807 tum
1572 3742 1936 3809 clementiae
1993 3758 2130 3809 tum
2209 3744 2465 3810 aliarum
2526 3744 2881 3825 virtutum,
2945 3761 3108 3826 quae
3181 3762 3355 3828 spem
3420 3743 3697 3811 facerent
3754 3743 3935 3825 fore,
4001 3755 4075 3808 ut

1233 3909 1346 3975 per
1393 3911 1541 3957 eum
1603 3892 1852 3957 tandem
1905 3892 2314 3959 vexatissimo
2369 3908 2672 3959 terrarum
2733 3893 2872 3961 orbi
2930 3892 3110 3975 quies
3162 3908 3354 3975 atque
3424 3890 3710 3958 faustitas
3773 3891 4071 3959 redirent.

1237 4042 1494 4113 Malunt
1559 4044 1797 4127 optima
1851 4042 2099 4130 ingenia
2164 4045 2505 4127 aliquando
2562 4045 2630 4113 in
2687 4043 2966 4112 fraudem
3029 4043 3182 4110 illici
3223 4036 3641 4110 'simulatione
3695 4037 4069 4125 probitatis,

1239 4214 1426 4278 quam
1486 4196 1695 4278 peiora
1759 4214 2003 4280 semper
2061 4198 2138 4263 de
2206 4196 2572 4263 hominibus
2634 4212 3070 4277 praesumere,
3138 4195 3313 4277 quod
3389 4190 3619 4261 Gallici
3682 4192 3845 4261 Iuris
3900 4210 4075 4276 prae·

1239 4352 1540 4421 ceptum,
1613 4338 1718 4403 isti
1773 4336 1937 4405 forte
1993 4340 2237 4422 populo
2297 4352 2735 4422 opportunum
2773 4385 2800 4421 ,
2867 4336 3079 4403 minus
3145 4336 3450 4405 convenit
3513 4340 3945 4421 nostratibus,
4008 4352 4073 4404 et

1239 4483 1494 4550 minime
1546 4482 1832 4549 omnium
1882 4481 2296 4549 conveniebat
2343 4500 2656 4548 noscrno.

1328 4630 1451 4695 Sed
1513 4644 1716 4695 tamen
1773 4648 1961 4711 eum,
2023 4630 2132 4711 qui
2187 4629 2625 4696 benevolentia
2681 4630 3010 4695 duceretur
3050 4630 3117 4695 in
3183 4647 3369 4697 omne
3428 4630 3773 4695 humanum
3829 4633 4069 4701 genus,

1241 4778 1418 4853 valde
1473 4779 1842 4846 cruciabant
1903 4794 2001 4847 tot
2075 4780 2197 4847 sub
2262 4780 2495 4845 exitum
2571 4780 2913 4864 superioris
2978 4781 3211 4847 saeculi
3289 4770 3633 4855 grassantia
3694 4788 3807 4852 per
3866 4769 4071 4836 Euro·

3934 4929 4077 4998 pam
