4750 6000
1521 551 1609 622 1..
1660 572 1723 638 3.
1771 549 1860 622 Τ.
1912 571 2025 640 39.
2066 552 2199 640 ΕΡ.
2248 575 2331 626 99
2376 585 2443 612 ι-
2487 575 2634 648 .39.·
2914 627 2919 630 .
3327 555 3414 660 78

730 727 1048 809 Pittaco,
1089 720 1341 794 Erasini
1365 721 1610 806 Adagia
1664 725 1739 788 m
1796 721 2123 812 aeq-nalem
2156 735 2416 792 uxorem
2451 743 2520 811 p.
2581 749 2728 816 309.
2765 729 2883 798 ubi
2919 731 3044 802 hoe
3083 733 3412 825 Epigram-

729 867 838 916 ma
892 843 1095 912 adfert
1155 855 1301 903 cum
1356 836 1585 903 Latina
1638 833 1953 903 Ambrofii
2005 836 2494 905 Camaldulenfis
2535 843 3115 925 interpretatione?
3203 855 3405 925 Conf.

734 959 892 1029 VV.
948 958 1101 1028 DD.
1158 965 1345 1021 notas
1406 949 1474 1016 in
1529 949 1898 1018 Callimachi
1934 950 2115 1018 Edit.
2154 952 2414 1022 Emest.
2454 969 2524 1037 p.
2563 975 2714 1038 272
2757 957 2935 1042 seqq
3066 984 3133 1033 v
3187 971 3404 1044 103¹..

726 1078 991 1156 avam-0.
1055 1087 1123 1136 v.
1190 1083 1274 1150 5.·
1316 1081 1435 1147 pro
1486 1089 1583 1144 μοι
1624 1069 1721 1135 eu·
1764 1064 1875 1130 Bt.
1916 1065 2023 1136 niv
2042 1090 2159 1145 μοι
2200 1080 2265 1132 et
2310 1066 2394 1134 fic
2431 1069 2692 1138 Gruteri
2721 1073 3098 1159 Exemplum
3133 1093 3195 1146 et
3232 1085 3406 1156 Nota
3484 1119 3488 1124 ³

734 1189 815 1255 ad
864 1187 991 1252 Ex,
1057 1180 1325 1248 Rubrae,
1429 1196 1494 1245 v.
1536 1198 1605 1262 9.
1660 1181 1989 1261 βιμβηκας
2028 1176 2207 1245 Edit.
2270 1180 2484 1250 princ.
2527 1199 2592 1252 et
2625 1186 2710 1256 -s1c
2747 1191 2980 1259 -Suidae
3017 1212 3084 1261 v.
3127 1199 3406 1283 βέμβηξ,

732 1302 1041 1370 indicatus
1082 1300 1159 1365 ad
1196 1297 1325 1364 Ex.
1351 1292 1619 1360 Ruhnk.
1661 1304 1724 1358 et
1767 1290 1985 1359 Schol.
2028 1293 2458 1379 Aristoph.ad
2497 1299 2704 1384 vesp.
2744 1324 2810 1371 v.
2868 1310 3059 1388 15ο8.
3099 1311 3403 1391 Βέμβικκς

734 1417 903 1484 dedit
954 1414 1184 1481 Aidus.
1227 1409 1383 1477 Vid.
1444 1406 1729 1492 Menagii
1766 1421 1953 1474 notae
1990 1411 2069 1475 ad
2126 1411 2324 1496 Diog.
2362 1412 2577 1483 Laert.
2621 1419 2670 1486 l.
2712 1439 2774 1486 c.
2903 1441 2972 1488 v.
3029 1443 3132 1506 14.
3181 1427 3398 1501 κληδόνι

736 1537 983 1612 omine,
1030 1545 1101 1594 ut
1158 1527 1339 1610 supra
1395 1525 1483 1591 L.
1546 1545 1609 1608 3.
1670 1522 1761 1590 Τ.
1831 1542 1937 1588 19.
1998 1523 2131 1609 ΕΡ.
2172 1543 2281 1608 54.
2318 1542 2382 1592 et
2418 1529 2650 1616 Odyss.
2687 1547 2770 1606 Σ.
2809 1554 2874 1602 ν.
2925 1542 3074 1606 116.
3111 1539 3220 1606 ubi
3259 1538 3404 1606 vide

732 1664 945 1718 notas.
991 1613 1192 1712 Conf.
1239 1657 1299 1707 et
1334 1639 1463 1706 Od.
1506 1649 1590 1706 Τ.
1632 1657 1701 1704 v.
1752 1656 1901 1704 120·
1992 1656 2061 1703 v·
2116 1655 2221 1720 15.
2268 1641 2372 1708 Br-
2413 1652 2709 1728 ἀπήγετο.
2797 1670 2865 1718 v.
2919 1655 3022 1718 16.
3068 1659 3142 1726 τό
3181 1653 3253 1734 γ’
3280 1657 3399 1724 cciv·

450 1823 461 1832 ,
584 1803 591 1812 ν
734 1765 939 1850 Notat
990 1761 1209 1828 Burm.
1274 1755 1414 1824 Sec.
1476 1799 1531 1836 „
1574 1752 1663 1820 L.
1708 1756 1780 1821 σὺ
1820 1757 1993 1822 Δίων
2035 1769 2177 1818 nam
2218 1757 2406 1824 vertit
2457 1758 2764 1830 Grotius·
2813 1765 3002 1834 Hunc
3029 1766 3296 1855 sequere
3337 1783 3400 1834 et

725 1879 1008 1968 parilem
1032 1872 1295 1958 foedere
1312 1871 1571 1956 junge,
1614 1853 1816 1934 Dion.
1860 1866 1966 1934 Sic
2004 1883 2065 1934 et
2104 1869 2424 1940 Brodaeus
2465 1872 2532 1942 in
2565 1875 2691 1944 fine
2729 1894 2918 1949 notae
2929 1885 3013 1950 ad
3033 1885 3154 1952 hoc
3171 1885 3400 1970 Epigr-

738 2009 801 2060 et
840 1994 965 2058 hoc
1000 1987 1267 2074 praefert
1296 1983 1676 2056 Erasmus?

820 2110 952 2191 Ep.
1002 2124 1111 2190 23·
1161 2109 1381 2178 κλεινῆς
1446 2099 1553 2166 Br.
1638 2097 1726 2165 T.
1791 2114 1854 2181 3.
1912 2116 1983 2180 p.
2050 2105 2207 2184 958.
2272 2116 2335 2170 et
2383 2099 2465 2172 fic
2520 2111 2687 2191 apud
2745 2112 3019 2200 Diogen.
3080 2113 3402 2182 Laenium

741 2225 829 2295 T.
884 2245 943 2292 1.
992 2243 1060 2307 p.
1112 2239 1221 2305 53.
1268 2219 1367 2285 De
1404 2216 1655 2300 Septem
1700 2214 2102 2296 sapientibus
2138 2219 2272 2286 vid.
2311 2223 2390 2286 ad
2418 2221 2504 2290 L.
2558 2243 2616 2290 1.
2657 2223 2747 2294 Τ.
2785 2232 2894 2296 86.
2936 2231 3067 2313 Ep.
3105 2250 3172 2312 7.

822 2343 952 2425 Ep.
1004 2358 1111 2420 94.
1158 2335 1324 2402 Vide
1356 2337 1433 2400 de
1470 2334 1592 2398 hoc
1634 2331 2097 2414 Epigrammate
2136 2334 2538 2404 d’Orvillium
2575 2343 2652 2408 ad
2688 2342 3098 2415 Charitonem
3139 2365 3210 2431 p.
3239 2367 3391 2429 411.

734 2457 1003 2541 Legitur
1034 2452 1201 2534 apud
1238 2451 1437 2530 Diog.
1478 2446 1691 2511 Laert.
1734 2443 1825 2510 T.
1870 2464 1929 2511 1.
1967 2465 2037 2526 Ρ.
2088 2463 2197 2530 53.
2242 2449 2353 2514 ubi
2393 2456 2644 2526 aava..
2821 2514 2827 2520 ,

821 2573 953 2654 Ep.
1007 2583 1112 2649 95.
1158 2566 1283 2632 Est
1314 2562 1481 2644 apud
1516 2559 1787 2642 Diogen.
1830 2556 2041 2625 Lai'trt.
2074 2557 2164 2627 T.
2215 2581 2274 2629 1.
2320 2585 2388 2647 p.
2430 2569 2540 2638 66.
2587 2571 2700 2638 ubi
2725 2573 3090 2653 nameus
3146 2593 3208 2642 v·
3235 2593 3296 2659 3.
3321 2595 3390 2658 4.

732 2691 839 2759 Ad
882 2689 1007 2756 Ex.
1052 2681 1318 2750 Ruhnk.
1367 2719 1423 2761 ,‚
1468 2677 1692 2744 suidas
1736 2693 1805 2740 v.
1847 2678 2129 2758 ἄκραντον
2166 2697 2242 2760 Ρ.
2287 2683 2448 2764 9ο.”

819 2807 949 2889 Ep.
999 2803 1107 2870 '26-
1157 2818 1215 2865 V·
1275 2817 1339 2863 2.
1386 2795 1487 2861 Ad
1516 2792 1644 2860 Ex.
1684 2789 1949 2859 Ruhnk.
1996 2838 2052 2874 „
2098 2792 2335 2866 Suidas⁰
2365 2819 2430 2868 v.
2473 2805 2846 2884 γειναμέναις
2884 2825 2956 2888 p.
2991 2821 3148 2888 479.
3215 2823 3284 2872 v.
3325 2825 3392 2874 ι.

731 2929 833 3006 y‘p.
872 2932 1051 3003 τότε,
1092 2930 1155 2980 et
1174 2911 1255 2978 fic
1274 2909 1447 2994 apud
1462 2907 1793 2974 Suidam”.
1886 2925 1961 2978 v.
2014 2928 2079 2993 3.
2124 2909 2232 2976 Br-
2262 2921 2457 2984 καλεῖν
2494 2918 2754 2984 ironiam
2789 2917 2968 3003 ἔργων
3011 2936 3074 2986 et
3107 2916 3188 2986 fic
3229 2922 3398 3005 apud

736 3036 929 3118 Diog.
994 3030 1311 3097 Laenium
1370 3025 1437 3091 in
1495 3025 1623 3090 vita
1683 3024 1963 3093 Platonis
2026 3046 2097 3109 p.
2153 3033 2298 3097 182.
2348 3048 2464 3097 nec
2509 3029 2686 3097 aliter
2729 3031 3004 3101 salmasii
3045 3040 3398 3121 annotatio·

730 3170 871 3217 nes,
960 3150 1057 3215 De
1098 3165 1163 3213 v.
1210 3165 1276 3225 4.
1318 3140 1461 3208 vide
1502 3158 1625 3208 nos
1666 3142 1743 3209 ad
1785 3142 1872 3209 L.
1922 3162 2003 3213 1.·
2032 3142 2123 3214 T.
2174 3164 2280 3229 95.
2326 3146 2459 3230 ΕΡ.
2505 3169 2572 3229 4.
2682 3166 2749 3215 v.
2800 3165 2865 3232 5.
2913 3150 3022 3216 Br·
3067 3157 3126 3221 ὃν
3165 3156 3400 3234 παι-μῦ.

820 3266 951 3348 Ep.
1005 3282 1111 3345 97.
1160 3262 1265 3327 Ad
1299 3262 1427 3327 Ex.
1468 3257 1731 3327 Ruhnk.
1774 3257 1999 3325 Suidas
2036 3278 2105 3327 v·
2152 3262 2513 3343 Θεόφραστος.
2554 3280 2629 3343 p.
2695 3266 2850 3333 189.
2901 3265 3011 3332 ubi
3047 3266 3190 3334 vide
3227 3268 3396 3337 Kus-

730 3382 851 3451 teri
908 3394 1118 3446 notas.
1207 3377 1329 3443 Est
1389 3376 1513 3445 hoc
1567 3372 1697 3459 ΕΡ.
1726 3375 1897 3457 apud
1933 3376 2130 3461 Diog.
2175 3375 2494 3441 Laenium
2536 3376 2626 3445 T.
2673 3396 2733 3444 ι.
2773 3398 2846 3463 Ρ.
2889 3402 3038 3465 991.
3071 3383 3184 3451 ubi
3225 3406 3283 3454 v.
3331 3408 3394 3459 1.

732 3494 841 3568 τιν)
906 3499 1104 3578 λέχθη·
1162 3488 1363 3559 Cohf.
1430 3492 1583 3558 Fed.
1630 3490 1975 3567 Motellum
2016 3492 2095 3557 ad
2138 3491 2322 3557 Statii
2366 3489 2590 3573 sylvas
2636 3513 2706 3576 p.
2759 3514 2908 3577 119.
2943 3499 3079 3581 jac.
3121 3502 3391 3588 Ponssan.

730 3612 817 3677 ad
874 3610 1071 3675 ovid.
1124 3610 1201 3674 de
1250 3610 1457 3675 Ponto
1511 3628 1580 3691 p.
1638 3624 1789 3690 703.
1842 3604 1952 3691 Jo.
2006 3604 2169 3672 Chr.
2210 3606 2536 3673 Amadutii
2573 3605 3016 3692 praefationem
3057 3617 3136 3681 ad
3179 3616 3393 3687 Theo-

734 3728 981 3811 phrast.
1036 3724 1331 3791 charact.
1388 3724 1517 3791 Ed.
1576 3723 1789 3789 Pal-m.
1828 3740 1899 3804 p.
1956 3738 2058 3804 19·
2118 3720 2290 3787 Mare
2333 3719 2660 3806 Jacobfius
2713 3723 2842 3793 hoe
2879 3726 3009 3812 Ep.
3062 3731 3276 3800 tetulit
3311 3736 3390 3809 ad

738 3841 828 3909 T.
881 3858 944 3926 3.
989 3862 1059 3924 Ρ.
1107 3859 1259 3923 994.
1302 3840 1623 3909 Editionis
1665 3835 1986 3903 Brunckii.

825 3954 958 4039 Ep.
1006 3960 1113 4022 98.
1158 3956 1286 4023 Est
1324 3957 1490 4039 apud
1531 3954 1727 4037 Diog.
1772 3950 2091 4019 Lat-:nium
2138 3948 2229 4021 T.
2278 3974 2340 4021 1.
2385 3972 2458 4038 Ρ.
2507 3976 2656 4041 314.
2737 3938 2748 3958 ’

824 4068 956 4154 ΕΡ.
1006 4090 1113 4156 99.
1160 4072 1285 4138 Est
1322 4074 1493 4155 apud
1526 4072 1722 4153 Diog.
1758 4069 2075 4136 La‘e'rtium
2115 4067 2204 4135 Τ.
2254 4087 2315 4137 1.
2355 4091 2429 4155 Ρ.
2475 4090 2600 4160 593
2646 4121 2672 4158 ,
2715 4074 2830 4144 ubi
2869 4096 2938 4145 v.
2975 4097 3046 4159 4.
3089 4083 3192 4151 οὐκ
3229 4081 3395 4168 ἔχων.

736 4184 916 4253 Citat
956 4187 1087 4271 Ep.
1134 4186 1257 4254 hoc
1298 4187 1592 4255 Bochart.
1638 4184 1723 4251 L.
1778 4204 1837 4251 1.
1881 4204 1949 4252 c.
2001 4202 2061 4249 1.
2106 4202 2175 4265 Ρ.
2229 4206 2292 4253 1.
2415 4206 2418 4211 ·
2499 4228 2509 4239 ›
2853 4243 2861 4252 .

828 4304 958 4385 Ep.
1011 4322 1115 4387 30.
1162 4304 1287 4373 Est
1318 4305 1485 4387 apud
1519 4302 1795 4386 Diogen.
1843 4298 2160 4367 Laenium
2202 4298 2291 4433 T.
2336 4321 2396 4373 1.
2439 4326 2510 4390 Ρ.
2547 4322 2700 4394 593.
2750 4324 2812 4378 et
2858 4329 3008 4395 594.
3055 4309 3166 4379 ubi
3211 4330 3276 4379 v.
3325 4333 3392 4380 9.

744 4418 974 4503 legitur
1028 4420 1141 4487 Καὶ
1180 4424 1313 4488 θάνε
1350 4424 1687 4499 Φοιτηταῒσο
1745 4499 1752 4505 ,

828 4534 961 4617 ΕΡ.
1010 4550 1118 4617 31.
1166 4551 1273 4617 39.
1321 4531 1496 4599 Haec
1551 4531 1682 4596 duo
1730 4526 2190 4611 Epigrammata
2226 4527 2636 4601 inveniuntur
2687 4538 2857 4619 apud
2903 4536 3176 4622 Diogen.
3209 4536 3398 4615 Laer-

742 4648 904 4717 tium
958 4647 1046 4716 T.
1111 4666 1172 4715 1.
1229 4669 1299 4732 Ρ.
1352 4665 1502 4731 537.
1606 4644 1737 4728 ΕΡ.
1790 4663 1895 4728 31.
1940 4663 2010 4711 v.
2060 4665 2125 4711 9.
2176 4663 2237 4728 3.
2264 4644 2482 4729 ,Apud
2533 4648 2802 4719 Lucian.
2849 4654 3018 4723 Dial-
3067 4654 3394 4723 Mortuor.

742 4762 839 4835 T.
893 4784 947 4834 ι.
998 4784 1071 4849 Ρ.
1115 4768 1271 4849 416.
1316 4762 1665 4849 Menippus
1704 4761 1783 4831 ad
1814 4759 2301 4845 Empedoclem:
2336 4758 2394 4859 θὦ
2426 4768 2746 4851 κωλυέτω
2782 4770 3057 4856 βέλτατα,
3095 4771 3153 4842 τὶ
3206 4772 3400 4855 πιθὼν

823 4888 827 4893 ’
1995 4874 2056 4943 K
3257 4906 3401 4952 σαυ-
