4750 6000
1989 594 2034 682 (
2111 615 2339 666 xxxvii
2422 598 2461 680 )

818 813 1118 866 securum·
1181 795 1484 884 redderet.
1573 793 1743 860 Hinc
1787 811 1935 861 vero
2005 815 2188 878 saepe
2236 795 2509 878 evenit,
2572 811 2642 864 ut
2697 797 3239 880 interpretationes
3300 798 3571 868 inedito·

817 953 956 1004 rum
1006 957 1042 1002 a
1099 935 1250 1002 viris
1295 934 1514 1018 peritis
1562 937 1882 1014 exp1orare
1938 951 2020 998 vac
2079 934 2258 1014 quasi
2315 937 2725 1004 mendicando
2789 957 3077 1020 quaerere
3128 957 3389 1009 coactus
3440 941 3565 1024 sita

815 1084 960 1162 hinc
1009 1082 1190 1150 etiam
1215 1129 1239 1165 ‚
1289 1097 1362 1150 ut
1415 1097 1724 1150 tantarum
1774 1103 1980 1166 opum·
2009 1105 2341 1168 possessor
2380 1086 2540 1154 nihil
2590 1103 2687 1156 tot
2720 1090 2901 1156 annis
2942 1091 3004 1155 in
3048 1090 3381 1172 publicum
3436 1084 3565 1150 edi-

814 1233 1027 1316 derit,
1109 1253 1266 1316 quae
1315 1247 1374 1300 et
1432 1235 1702 1302 honoris·
1733 1250 1796 1302 et
1844 1234 2131 1304 utilitatis
2177 1255 2316 1305 non·
2343 1241 2723 1322 spernendae
2772 1239 2992 1304 editori
3049 1236 3255 1303 futura
3320 1245 3557 1301 essent.

817 1374 941 1442 Sed
1002 1388 1161 1459 quot
1198 1372 1516 1441 erroribus
1576 1375 2008 1460 apographum
2063 1375 2457 1456 inquinatum
2520 1390 2753 1458 putes,
2800 1375 3052 1457 quando
3110 1389 3319 1440 tecum
3374 1389 3560 1454 repu-

817 1535 912 1586 tes
943 1565 967 1602 ,
1051 1515 1362 1586 neminem
1403 1511 1666 1580 fideliter
1717 1530 1798 1579 ea.
1843 1529 2000 1595 quae
2053 1529 2185 1578 non
2242 1509 2658 1594 intelligeret,
2718 1510 3064 1579 exscribere
3123 1531 3396 1596 unquam
3453 1531 3560 1578 va·

813 1669 1006 1736 luisse
1029 1665 1065 1732 2

898 1809 1140 1878 Contra
1193 1811 1486 1882 Visconti
1535 1813 1818 1884 codicem
1873 1836 1909 1883 a
1961 1815 2160 1901 prima
2213 1817 2291 1883 ad
2350 1815 2627 1884 ultimam
2682 1805 2967 1898 paginam
3028 1821 3353 1888 recenset,
3405 1803 3561 1885 quid

813 1950 887 2020 in
925 1972 1175 2038 quaque
1217 1973 1279 2024 et
1325 1978 1457 2040 quo
1503 1957 1719 2060 ordine
1761 1959 2192 2043 conscriptum
2253 1957 2340 2026 sit
2380 2007 2405 2040 ‚
2466 1973 2723 2026 annotat
2770 1957 3096 2042 diligenter
3140 1973 3159 2022 ε
3247 1951 3557 2018 editorum
3603 2007 3619 2020 .
3668 2045 3675 2055 ι

813 2105 1165 2172 varietatem
1211 2105 1502 2174 lectionis
1552 2105 1950 2193 distinguit3
2019 2109 2247 2176 inedita
2297 2109 2535 2193 integra
2583 2107 2883 2176 exscribit
2926 2127 2951 2188 3
3038 2097 3556 2170 annotationibus

807 2247 1108 2335 instruit,
1189 2271 1260 2321 et¹
1301 2257 1380 2322 de
1434 2255 1684 2326 Graeco
1744 2259 1810 2324 in
1867 2259 2164 2326 Latinum
2215 2281 2569 2328 sermonem
2617 2261 2803 2328 vertit
2838 2281 2881 2340 3.
2946 2255 3183 2324 scholia
3240 2249 3345 2317 vel·
3398 2245 3559 2312 inter

805 2409 1027 2460 versus
1075 2442 1100 2476 ,
1175 2399 1272 2462 vel
1331 2367 1596 2479 margini
1651 2395 1938 2478 apposita
1980 2443 2004 2478 ,
2086 2417 2248 2477 quae
2319 2417 2519 2464 merae
2580 2398 2909 2466 titulorum
2966 2393 3371 2477 repetitiones
3414 2403 3556 2453 non·

807 2549 962 2598 sunt
1005 2546 1072 2598 et·
1107 2532 1343 2614 aliquid
1394 2532 1514 2615 legi
1562 2533 1820 2616 dignum
1877 2533 2208 2602 conti-nent
2251 2582 2276 2615 ‚
2343 2536 2555 2602 omnia
2608 2548 2885 2600 recenset
2924 2577 2949 2612 ,
3015 2527 3415 2613 compendio·
3457 2524 3556 2592 vel

803 2667 1070 2736 nexibus
1123 2669 1450 2738 obscurata
1492 2671 1794 2755 explicata
1863 2671 2046 2738 cuius
2099 2667 2399 2756 ponderis
2456 2669 2779 2750 habenda,
2824 2683 3179 2752 opportune
3234 2670 3548 2735 admonet.

800 2818 944 2902 Ipse
985 2836 1194 2903 certe,
1227 2840 1385 2904 ,cum
1443 2835 1541 2888 tot
1585 2826 1868 2890 nondum
1936 2823 2096 2890 edita
2136 2871 2159 2905 ‚
2218 2836 2316 2889 tot
2384 2816 2799 2886 emendatiora
2858 2818 2925 2882 in
2972 2817 3211 2884 Codice
3270 2816 3551 2886 Palatino

803 2958 1108 3029 inveniret
1147 3010 1172 3043 ‚
1260 2960 1597 3027 consilium
1671 2961 1868 3030 inibat
1935 2961 2208 3029 Codicis·
2259 2960 2465 3027 huius·
2503 2975 2854 3026 accuratam
2928 2956 3217 3024 notitiam
3273 2957 3562 3039 edendi,.

805 3130 964 3194 quae
1011 3112 1387 3179 ineditorum
1451 3112 1816 3195 exemplaria
1857 3157 1904 3194 ,.
1969 3113 2278 3179 editorum
2350 3112 2661 3179 variantes
2698 3157 2722 3192 ‚
2810 3124 2872 3176 et
2926 3123 3112 3177 notas
3172 3108 3441 3197 criticas‘
3467 3108 3563 3174 ad}

692 3260 705 3267 ’
803 3272 1064 3341 utraque
1123 3260 1524 3345 contineret3
1591 3280 1852 3329 securus
1915 3263 1993 3327 de
2043 3263 2408 3345 apographo
2468 3260 2923 3343 Spallettiano,
2990 3274 3052 3325 et
3096 3260 3174 3325 de
3232 3256 3365 3323 eius
3416 3252 3562 3319 edi·-

804 3407 1131 3491 tionibus,
1179 3410 1234 3475 si
1294 3429 1454 3494 quae
1509 3409 1758 3479 futurae
1776 3459 1818 3494 ,.
1849 3428 2006 3494 quae
2057 3412 2147 3477 nil
2194 3409 2318 3477 nisi
2361 3412 2545 3477 valde
2587 3410 3007 3477 incorrectum
3040 3421 3228 3492 atque
3274 3406 3559 3490 indiges&

797 3570 932 3621 tum
991 3574 1264 3639 possunt
1315 3560 1702 3626 continere?

887 3693 1182 3759 Visconti
1227 3709 1450 3773 utpote
1487 3696 1686 3755 laudis
1726 3696 2051 3762 litterariae
2094 3696 2542 3775 cupidissimus
2599 3696 2939 3760 dummodo
3000 3693 3154 3759 haec
3184 3709 3261 3756 ex
3294 3710 3404 3757 sua
3446 3706 3538 3754 re-·

799 3835 1094 3903 censione
1143 3831 1406 3896 edantur
1425 3875 1461 3910 ,.
1495 3830 1634 3895 solo
1665 3842 1921 3895 centum
1972 3849 2298 3897 aureorum
2335 3844 2398 3896 et
2447 3832 2887 3917 exemplarium
2934 3832 3213 3913 aliquot,
3280 3828 3559 3895 arbitrio’

801 3996 954 4062 tuo,
1009 3977 1281 4063 praemio
1329 3992 1668 4045 contentus
1717 3979 1830 4045 has
1865 3980 1976 4048 tibi
2017 3982 2266 4049 divitias
2314 3980 2598 4066 profert:
2659 3999 2722 4050 et
2778 3982 3173 4050 additamenti
3207 3983 3356 4045 loco
3406 3974 3555 4045 col-‘-

795 4120 1086 4186 rationem
1139 4120 1407 4185 duorum
1466 4119 1741 4201 optimae
1788 4134 1976 4187 notae
2037 4122 2340 4187 librorum
2392 4122 2786 4205 anthologiae
2837 4122 3225 4200 Planudeae,
3292 4135 3359 4186 et
3405 4125 3537 4204 syl.

797 4271 984 4353 l'ogen
1048 4268 1554 4351 epigrammatum
1628 4271 2006 4339 ineditorum
2089 4288 2122 4335 e
2187 4271 2504 4355 lapidibus
2567 4270 2888 4354 praebebit
2964 4269 3253 4333 edendas.
3353 4268 3551 4352 Quas²

797 4405 1192 4474 conditiones
1245 4407 1298 4473 si
1354 4407 1716 4490 acceperis,
1776 4422 1908 4475 tum
1975 4408 2030 4473 si
2089 4410 2260 4489 quod
2318 4409 2520 4474 adhuc
2581 4408 2961 4492 Spallettiani
3020 4404 3549 4487 exemplaris-dea·

797 4546 1086 4613 siderium
1133 4560 1322 4614 restat
1358 4595 1383 4629 ,
1463 4546 1730 4613 informe
1790 4546 1946 4612 illud
2015 4545 2461 4629 apographum·
2513 4549 2613 4613 vel
2673 4548 2781 4613 vili
2851 4546 3053 4629 pretio
3108 4544 3329 4609 habere
3380 4556 3531 4622 pos·-

801 4689 956 4773 εἰς,
1021 4710 1218 4775 quum
1259 4690 1379 4758 iam
1427 4706 1541 4757 nec
1583 4686 1801 4757 inediti
1851 4688 2086 4773 aliquid
2141 4688 2449 4770 reliquum
2508 4690 2625 4755 erit
2656 4734 2681 4774 ,
2762 4706 2877 4757 nec
2934 4686 3234 4754 emendati
3278 4696 3320 4750 :t
3373 4696 3551 4748 tunc·

1941 4836 1950 4845 ·
2040 4838 2228 4917 *et*
2277 4857 2336 4919 aa
3345 4838 3547 4910 ‘issam‘
