4750 6000
1659 528 1749 600 L.
1797 547 1866 611 7.
1909 528 2037 614 ΕΡ.
2088 533 2417 614 76-81.
3256 549 3379 618 153

697 697 762 766 t!
799 722 900 776 μοι
937 705 1052 767 τῶν
1092 694 1242 773 ἦδος.
1285 694 1586 782 Respexit
1621 695 1954 764 Homerica
1997 699 2108 763 llia
2127 700 2172 765 1.
2224 711 2302 766 Σ.
2347 715 2417 764 V.
2460 700 2566 763 80.
2699 711 2769 762 v.
2824 713 2927 761 11.
2973 695 3127 767 Vid.
3178 697 3375 763 Hem-

705 807 982 877 sterhufii
1041 828 1224 879 notas
1286 817 1364 880 ad
1426 809 1904 883 Luciani‘Dial.
1957 813 2162 880 Mort.
2211 815 2276 880 6.
2329 831 2399 895 Ρ.
2451 829 2604 895 352.
2670 809 2835 882 Ibid.
2880 809 2991 878 Br.
3050 805 3198 881 ἀλλ’
3239 815 3369 893 ἐμὲ·

699 943 769 990 v.
821 945 923 992 12.
977 929 1078 992 Br.
1129 927 1398 1008 εἴργουσι·

787 1042 916 1122 Ep.
967 1045 1073 1122 78.
1121 1041 1302 1128 Quae
1337 1044 1462 1108 hoc
1508 1041 1976 1126 Epigrammate
2029 1037 2439 1104 continentur
2484 1039 2804 1120 querelae,
2842 1035 3191 1119 comparari
3226 1053 3375 1118 pos·

695 1155 845 1222 suut
878 1177 1020 1222 cum
1063 1158 1188 1238 iis,
1233 1161 1470 1238 quibus
1527 1161 1700 1226 Hero
1755 1159 1833 1224 ad
1893 1155 2257 1222 Leandrum
2313 1153 2419 1218 usa
2475 1157 2642 1236 apud
2711 1147 3011 1219 Ovidium
3062 1151 3191 1233 Ep.
3248 1151 3383 1216 He-

699 1271 862 1336 roid.
917 1292 1018 1353 19.
1069 1291 1135 1338 v.
1183 1279 1410 1356 9—16.
1461 1291 1522 1340 et
1569 1272 1898 1354 versibus,
1941 1291 2104 1352 quos
2138 1290 2230 1337 ‚ex
2289 1269 2615 1353 Euripidis
2670 1269 2897 1338 Medea
2946 1267 3123 1334 affert
3178 1265 3383 1332 Obso-

699 1406 900 1468 poeus
959 1389 1036 1452 ad
1081 1390 1146 1452 h.
1203 1390 1248 1452 l.
1357 1409 1422 1455 v.
1475 1394 1538 1454 8.
1587 1392 1875 1472 ζοφεοὶὶισ.
1932 1389 2030 1456 De
2069 1388 2192 1454 hoc
2229 1385 2547 1454 vocabulo
2586 1405 2621 1450 a
2656 1384 2926 1468 Scapula
2970 1380 3207 1470 omisso'
3240 1383 3377 1449 vid.

699 1500 791 1567 1-1.
839 1503 1061 1584 Steph.
1111 1501 1299 1568 Thes.
1343 1505 1428 1570 L.
1475 1502 1566 1570 G.
1619 1501 1707 1569 T.
1765 1522 1792 1566 1
1871 1524 1939 1586 p.
1997 1525 2184 1588 1913.
3058 1493 3071 1502 '

782 1616 915 1700 Ep.
963 1637 1070 1700 79.
1141 1623 1334 1693 Μηδὲν
1379 1621 1564 1694 ἄγαν.
1612 1617 1816 1686 Conf.
1861 1621 2109 1686 Erasmi
2164 1620 2372 1702 Adag.
2442 1619 2548 1684 Ne
2613 1616 2777 1706 quid
2838 1619 3026 1682 nimis
3093 1635 3161 1698 p.
3212 1629 3365 1698 259.

696 1729 879 1812 supra
941 1733 1145 1798 Anth.
1211 1731 1332 1798 Gr.
1382 1731 1532 1798 Lib.
1640 1753 1696 1801 1.
1773 1733 1862 1802 Τ.
1953 1758 2053 1801 12.
2137 1737 2267 1818 ΕΡ.
2326 1757 2393 1800 2.
2460 1735 2611 1802 Lib.
2668 1758 2733 1800 2.
2804 1731 2891 1801 Τ.
2934 1733 3046 1814 48.
3114 1729 3247 1811 Ep.
3304 1747 3366 1794 1.

696 1865 770 1913 v.
815 1868 880 1928 9·
933 1853 1140 1916 Πάντα
1174 1851 1452 1914 Rhama
1493 1851 1746 1926 γένοντο.
1789 1851 1851 1916 Λ
1916 1849 2264 1918 Theocrito
2317 1849 2715 1930 desumtum,
2764 1845 2951 1931 Idyll.
3007 1863 3061 1912 1.
3102 1864 3167 1912 V.
3215 1857 3363 1926 135.
3433 1921 3441 1928 .

779 1962 909 2045 Ep.
963 1967 1070 2028 8ο.
1121 1965 1217 2028 De
1260 1961 1379 2026 hoc
1412 1961 1920 2045 Epigrammate‚
1970 1967 2144 2046 quod
2195 1951 2258 2030 iri
2313 1963 2508 2029 nullia
2564 1965 2699 2028 aliis
2752 1961 3166 2030 Editionibus
3204 1955 3383 2025 inve-'

695 2075 870 2142 nitur
917 2093 976 2142 et
1013 2079 1364 2143 Auctorem
1409 2077 1592 2164 babet
1647 2081 2152 2166 Eratosthenem,
2200 2081 2342 2146 vide
2382 2079 2639 2145 omnino
2670 2077 3053 2144 Brunckium
3089 2077 3275 2143 Lect.
3310 2087 3371 2140 et
3434 2083 3441 2090 ’

693 2194 842 2260 Em.
879 2203 973 2276 -p.'
1009 2213 1160 2276 254.
1209 2188 1406 2260 Conf·
1455 2207 1514 2256 et
1561 2191 1782 2277 Tou‘p.
1831 2197 2104 2263 Emend.
2155 2197 2220 2262 in
2265 2195 2523 2262 Suidam
2590 2195 2722 2262 vol.
2778 2215 2840 2259 1.
2902 2213 2974 2278 p.
3038 2194 3191 2275 460.
3257 2194 3368 2258 61.
3478 2193 3487 2206 '

695 2309 802 2372 Bt.
853 2329 920 2376 v.
979 2327 1036 2374 1.
1084 2315 1362 2386 ἀκοίτης,
1451 2328 1518 2372 v:
1571 2332 1635 2376 2.
1685 2320 1859 2394 κείνῃ.
1909 2294 2052 2378 Nos
2096 2312 2427 2395 Toupium
2468 2311 2659 2378 secuti
2709 2309 2947 2376 sumuS.
3036 2327 3103 2374 v.
3152 2329 3219 2388 4.
3256 2305 3365 2372 Br.

695 2439 858 2488 recte
901 2429 1004 2498 τὴν
1039 2427 1302 2502 βάλανον
1353 2428 1645 2502 χαλάσας
1753 2427 1852 2492 De
1897 2430 2018 2492 hoc
2081 2425 2258 2492 versu
2315 2444 2378 2493 et
2418 2427 2809 2511 praecedenti
2858 2426 2985 2512 egit
3036 2418 3366 2489 Salmasius

691 2543 770 2604 ad
801 2541 1084 2604 Solinum
1112 2557 1180 2618 p.
1223 2537 1376 2616 652.
1424 2558 1484 2604 c.
1578 2539 1910 2606 Caeterum
1945 2545 2021 2608 de
2065 2543 2353 2608 vectibus
2394 2557 2501 2607 aut
2541 2539 2898 2625 repagulis,
2946 2539 3181 2620 quibus
3212 2535 3372 2604 anti·

691 2669 798 2720 tus
836 2651 1004 2718 fores
1045 2650 1528 2732 claudebantur,
1575 2669 1637 2718 et
1682 2659 1758 2722 ad
1801 2677 1959 2740 quae
1997 2674 2185 2738 poeta
2218 2656 2463 2741 allusit,
2517 2659 2650 2724 vid.
2700 2655 3017 2723 Homerus
3056 2653 3234 2720 Iliad.
3262 2663 3357 2720 M.

691 2788 735 2833 v
803 2783 958 2850 454:
1004 2767 1174 2847 seqq.
1227 2785 1510 2846 quaeque
1555 2769 1742 2838 habet
1784 2775 1874 2842 Is.
1938 2772 2352 2840 casaubonus
2409 2775 2486 2838 ad
2544 2774 2791 2838 Aeneae
2858 2769 3148 2837 Tactica.
3215 2789 3357 2852 cap.

699 2887 799 2950 18.
862 2902 960 2966 19.
1019 2905 1122 2946 20.
1171 2880 1398 2947 Graeci
1437 2899 1657 2951 vocem
1703 2895 1963 2966 βάλανος
2007 2891 2084 2956 ad
2127 2891 2321 2954 multa
2362 2891 2860 2969 transtulerunt,
2897 2907 3056 2970 quae
3096 2885 3363 2954 formam

691 3000 931 3083 glandis
957 3000 1170 3079 aliquo
1211 3001 1402 3065 modo
1443 3000 1741 3072 referrent
1781 3022 1843 3071 et
1879 3008 1942 3073 in
1983 3006 2241 3089 aliquod
2277 3004 2557 3071 foramen
2590 3006 3095 3071 immitterentur.
3187 3002 3359 3072 Hinc

685 3113 896 3199 jocosa
941 3112 1241 3179 Demetrii
1287 3118 1445 3199 regis
1491 3122 1567 3187 ad
1632 3118 2292 3205 Lamiam-responfio
2353 3122 2523 3203 apud
2580 3120 2972 3186 Athenaeum
3027 3116 3181 3183 Lib.
3250 3134 3357 3198 13.

690 3250 761 3313 Ρ·
811 3247 961 3311 577·
1009 3229 1073 3293 in
1115 3226 1281 3307 fine,
1331 3236 1450 3297 ἀπὸ
1489 3236 1762 3309 βαλάνου
1815 3245 1976 3307 τοῦτ’
2015 3244 2134 3321 ἔτι,
2207 3242 2467 3315 Λάμια,
2508 3236 2848 3315 βασιλικῆς.
2982 3251 3051 3298 v.
3116 3248 3182 3311 7.
3254 3226 3361 3294 Bt.

680 3349 884 3426 ἀνέρα.
1016 3364 1082 3409 v.
1132 3348 1196 3409 8.
1243 3342 1350 3409 Br.
1381 3360 1442 3411 et
1484 3345 1786 3433 Toupius
1827 3356 2077 3432 σκεῦὺν,
2141 3370 2300 3432 quae
2351 3350 2540 3416 lectio
2581 3346 2830 3413 defendi
2866 3360 3078 3429 potest
3112 3364 3188 3411 ex
3226 3344 3363 3410 An·

684 3462 844 3527 tistii
888 3461 1348 3546 Epigrammate
1411 3460 1498 3529 L.
1541 3484 1610 3545 4.
1661 3464 1755 3534 T.
1805 3486 1910 3535 12.
1959 3468 2091 3549 Ep.
2137 3469 2248 3549 96.
2339 3466 2485 3533 Nos
2526 3463 2827 3532 Grotium
2880 3460 3075 3527 secuti
3114 3460 3357 3531 sumus,

689 3598 758 3645 v.
808 3582 870 3643 8.
916 3574 1030 3641 Br.
1075 3580 1276 3658 ὀλέσῃς
1321 3592 1396 3639 ex
1441 3574 1682 3661 Toupii
1729 3584 2190 3652 emendatione.
2462 3644 2479 3651 -
2827 3589 2838 3598 '

773 3695 907 3779 Ep.
955 3695 1062 3759 81.
1110 3710 1178 3756 v.
1225 3712 1293 3755 2.
1351 3703 1690 3774 χρυσομανῆ
1727 3700 2068 3775 cxxv-danu-
2127 3697 2284 3762 Vid.
2351 3694 2436 3762 L.
2482 3698 2549 3762 6.
2599 3690 2740 3763 Tit.
2769 3720 2773 3725 ’
2790 3708 2854 3775 5.
2900 3694 3031 3777 Ep.
3084 3713 3146 3777 3.
3194 3692 3356 3761 infra

685 3810 816 3891 Ep.
867 3828 1012 3891 177.
1136 3826 1198 3870 v·
1255 3822 1318 3887 5.
1366 3808 1656 3887 neumaiam
1695 3842 1768 3859 ·····
1809 3815 2071 3893 γυναιξὶν
2131 3812 2479 3879 Uxoribus·
2524 3809 2883 3877 Locutione
2925 3809 3121 3874 utitur
3154 3808 3361 3875 Hero·

683 3924 878 3989 dotus
933 3922 1088 3990 Lib.
1161 3940 1219 3987 1.
1278 3942 1341 3989 c.
1393 3938 1497 4004 35.
1563 3936 1624 4021 et
1679 3924 1832 3991 Lib.
1885 3944 1946 4009 5.
1991 3948 2132 4008 cap.
2187 3934 2293 3994 18.
2341 3924 2542 3994 Conf.
2582 3926 2979 3995 Burmannus
3012 3928 3091 3998 ad
3124 3926 3354 4010 Vir-gil.

685 4038 822 4104 AEn
887 4059 945 4106 1.
985 4058 1053 4104 v.
1105 4040 1253 4121 346.
1343 4056 1410 4105 v.
1462 4058 1527 4118 7.
1571 4038 1788 4123 Μύχια
1826 4040 2050 4107 Aldin.
2089 4040 2232 4117 Sec.
2280 4060 2354 4107 ex
2386 4040 2536 4109 Ald.
2568 4040 2671 4106 Pr·
2710 4040 2861 4117 Em,
2948 4060 3011 4107 v.
3038 4062 3141 4109 11.
3188 4041 3371 4123 <Diad-

687 4180 816 4231 νητι
851 4166 1127 4233 μιγεῖσα.
1175 4153 1510 4221 Homerica
1549 4155 1832 4235 locutio,
1889 4170 1962 4221 ut
2017 4156 2195 4223 Iliad.
2251 4174 2323 4227 B·
2388 4174 2535 4239 232.
2594 4170 2668 4226 Γ.
2722 4176 2786 4221 v.
2817 4172 2969 4238 445.
3015 4171 3088 4227 z.
3133 4176 3197 4223 v.
3246 4174 3352 4239 25.

685 4276 760 4339 Ε.
816 4284 882 4330 v.
933 4280 1082 4349 295.
1138 4276 1232 4333 Ω.
1274 4288 1338 4334 v.
1381 4288 1525 4352 130.
1577 4288 1723 4355 131.
1765 4270 1997 4354 Odyss.
2051 4281 2131 4337 E.
2169 4291 2248 4339 v.
2288 4274 2433 4339 126.
2472 4288 2553 4343 Θ.
2577 4284 2737 4354 271.
2772 4284 2849 4342 Κ.
2891 4293 2957 4339 v.
3005 4294 3149 4356 334.
3204 4290 3357 4357 335.

563 4376 572 4383 ’
687 4395 769 4453 O·
818 4398 862 4447 v
929 4398 1081 4463 419·
1127 4401 1258 4462 420
1334 4393 1414 4453 T·
1458 4406 1524 4451 v.
1563 4388 1728 4457 266.
1777 4402 1858 4455 Ψ.
1901 4409 1968 4453 v.
2020 4407 2172 4471 219.
2221 4386 2330 4451 ubi
2375 4400 2577 4452 tamen
2610 4386 2739 4453 fere
2772 4386 3019 4453 additur
3057 4389 3158 4453 καὶ
3200 4392 3351 4469 cmg.

683 4498 1014 4575 Μίγνυσθοιι
1074 4500 1316 4563 tantum
1375 4500 1611 4565 Atticis
1665 4502 1788 4568 dici
1838 4504 1915 4567 de
1969 4504 2149 4585 viro,
2212 4504 2320 4585 qui
2378 4522 2505 4570 rem
2562 4504 2781 4569 habeat
2857 4522 2998 4567 cum
3057 4500 3355 4580 muliere,

689 4626 822 4675 non
884 4626 1090 4677 autem
1149 4616 1228 4679 de
1283 4614 1535 4677 muliere
1588 4635 1732 4683 eum
1786 4619 1922 4685 viro
1957 4638 2084 4683 rem
2141 4620 2455 4701 habente,
2538 4620 2723 4684 tradit
2764 4614 3005 4685 Tuom.
3048 4615 3356 4697 Magister

689 4745 759 4809 Ρ.
797 4728 944 4797 616·
987 4732 1065 4797 ad
1099 4749 1285 4815 quem
1322 4734 1528 4801 locum
1557 4778 1582 4817 ,
1630 4747 1702 4801 ut
1735 4747 1794 4801 et
1826 4736 1904 4803 ad
1934 4733 2204 4801 Luciani
2237 4734 2490 4816 Soloeg.
2526 4730 2613 4801 T.
2656 4752 2715 4815 3.
2743 4751 2809 4815 Ρ.
2840 4726 2992 4813 56'7.
3018 4730 3167 4797 VV.
3194 4732 3345 4799 DD.
3447 4814 3457 4829 Ι

833 4860 843 4867 “
1941 4850 2006 4916 V
3236 4850 3355 4917 ser·
3387 4842 3399 4857 ’
