4750 6000
1319 521 1454 628 ¹⁶0.
2251 509 2342 580 L.
2392 531 2479 620 7.
2506 512 2639 594 Ep.
2694 527 2917 592 127-
2950 527 3098 593 137.

1316 689 1486 755 Ibid.
1528 695 1724 760 καλοῖς
1759 685 2104 766 recepimus
2149 701 2296 748 cum
2353 679 2718 762 Brunckio,
2764 693 2842 745 ut
2874 695 2934 747 et
2974 676 3255 759 sequenti
3298 675 3475 742 versu
3500 723 3523 758 ,
3573 679 3632 746 ἓν
3672 695 3739 744 et
3764 677 3990 759 πλεξά-

1319 829 1488 886 μενος
1535 802 1769 884 quippe
1821 798 2098 890 egzpressa
2149 800 2215 882 in
2277 794 2553 864 verfione
2605 794 2825 864 Grotii
2877 811 2939 860 et
2994 795 3202 860 oblata
3254 813 3289 858 a
3344 793 3606 863 Gruteri
3660 798 3988 878 exemp10,

1313 919 1486 985 Cod.
1535 918 1814 984 Palatino
1848 932 1910 980 et
1955 913 2497 982 Annotationibus
2548 911 2845 982 Salmafii.
2977 920 3066 976 v:
3118 931 3183 994 3.
3249 913 3403 994 ρόδέη
3466 939 3535 980 τε
3590 915 3783 993 κάλυξ
3834 911 4033 978 vids

1317 1033 1403 1099 L.
1455 1054 1518 1118 3.
1567 1033 1655 1100 T.
1709 1055 1810 1100 12.
1853 1035 1983 1118 Ep.
2037 1037 2144 1098 28.
2195 1031 2284 1102 L.
2327 1051 2397 1112 4.
2468 1029 2558 1096 Τ.
2612 1013 2911 1112 12.”Ερ.
2960 1045 3069 1110 59.
3136 1025 3221 1092 L.
3272 1029 3339 1092 6.
3416 1024 3505 1093 T.
3559 1045 3664 1092 12.
3724 1028 3857 1110 Ep.
3928 1047 3991 1111 3.

1315 1147 1402 1215 L.
1453 1169 1516 1231 7.
1563 1150 1666 1232 Ep
1733 1153 1814 1215 26
1856 1155 1916 1214 'et
1949 1170 2064 1232 41.
2195 1169 2261 1214 v.
2313 1166 2375 1230 5.
2424 1147 2533 1214 Bt.
2580 1155 2776 1218 ταῦτα
2814 1149 2903 1216 δέ.
2996 1145 3095 1210 De
3156 1139 3453 1208 sententia
3494 1139 3677 1210 conf.
3718 1142 3988 1208 Cerdam

1319 1267 1398 1331 ad
1428 1267 1667 1350 'VirgiL
1717 1262 1858 1333 Ecl.
1912 1288 1972 1330 2.
2016 1287 2086 1348 p.
2137 1285 2242 1346 27.

1395 1381 1526 1464 Ep.
1584 1387 1726 1448 128.
1779 1404 1846 1450 v.
1899 1402 1960 1447 1.
2007 1381 2113 1448 Bt.
2161 1380 2563 1458 Ἀμυμώνην,
2624 1377 2934 1460 ΑΦροΒΙτ-η·
3029 1376 3151 1442 Sed
3206 1389 3373 1440 recte
3436 1373 3752 1442 Brodaeus
3796 1377 3991 1455 Ἀμυ-

1310 1501 1498 1576 μώιην
1541 1499 1859 1580 Ammaia-nv
1899 1499 2146 1564 alteram
2205 1496 2515 1560 Venerem
2582 1491 2889 1574 exponit,
2945 1509 3129 1575 quem
3169 1491 3419 1556 secutus
3440 1467 3551 1556 'est
3591 1493 3653 1558 in
3708 1491 3986 1559 verfione

1311 1605 1612 1673 Grotius..
1747 1629 1810 1676 v.
1865 1632 1928 1695 3.
1977 1613 2083 1678 Br-
2131 1613 2228 1678 καὶ
2271 1611 2327 1677 εἴ
2378 1636 2522 1678 ποτε
2562 1612 2729 1690 aeazps·
2766 1613 3051 1686 ἐτόλμων.
3169 1609 3293 1674 Est
3352 1607 3535 1672 etiam
3602 1611 3859 1692 ἐτόλμων
3914 1608 3982 1673 in

1307 1720 1572 1788 Gruteri
1613 1725 1927 1812 Exemplo
1971 1744 2036 1793 et
2097 1713 2372 1793 Salmaffi
2435 1721 2999 1788 Annotationibus.

1393 1839 1530 1922 Ep.
1580 1815 1731 1924 129.
1771 1849 2054 1922 εὐμήκης.
2144 1842 2282 1907 Hac
2339 1858 2495 1906 voce
2556 1838 2702 1906 usus
2748 1855 2845 1904 est
2896 1837 3238 1904 Scholiast.
3294 1837 3626 1905 Theocriti
3684 1838 3869 1920 Idyll.
3922 1856 3981 1902 1.

1223 1951 1231 1958 ’
1312 1971 1383 2019 v.
1428 1975 1540 2036 44.
1583 1959 1844 2035 εὑμάκης
1887 1974 1986 2024 est
2028 1961 2194 2040 apud
2244 1957 2441 2039 ipsum
2490 1956 2904 2022 Theocritum
2934 1955 3120 2036 Idyll.
3176 1974 3279 2036 14.
3326 1975 3393 2020 v.
3435 1971 3545 2038 25.
3648 1973 3715 2022 v.
3766 1974 3828 2036 3.
3876 1953 3981 2019 Br.

1309 2081 1596 2140 πολιαῖσι.
1719 2089 1786 2137 v.
1832 2086 1898 2153 5.
1945 2076 2012 2140 6.
2055 2071 2128 2140 In
2173 2071 2431 2137 Gruteri
2476 2071 2787 2154 Exemplo
2830 2070 2913 2136 fic
2965 2073 3263 2154 leguntur
3304 2071 3369 2136 hi
3414 2054 3651 2138 versus.

1839 2189 2180 2268 ’Λλλοτρίκς
2217 2188 2278 2254 δὲ
2317 2187 2526 2269 τρίχας
2566 2189 2667 2252 καὶ
2704 2189 2955 2268 ῥυπῶδες
2994 2209 3063 2252 τε
3104 2187 3395 2266 πρόσωπον

1917 2303 2084 2373 Aba
2121 2297 2411 2379 γηράξασ*
2448 2300 2573 2365 οὐδὲ
2610 2299 2838 2372 πίθηκος
2878 2301 3031 2379 ἔχει.

1399 2405 1532 2491 Ep.
1583 2430 1730 2493 130.
1777 2407 1983 2478 Conf.
2031 2427 2192 2490 quae
2235 2413 2595 2477 notavimus
2652 2413 2731 2476 ad
2772 2411 2859 2476 L.
2913 2431 2975 2476 1.
3024 2409 3111 2477 T.
3162 2432 3269 2477 22.
3317 2412 3448 2493 Ep.
3500 2429 3565 2492 7.

1393 2523 1530 2606 Ep.
1581 2546 1729 2610 ¹31·
1778 2529 1942 2594 Vide
1997 2525 2260 2594 Ausonii
2317 2526 2545 2609 Epigr.
2606 2543 2689 2608 79
2733 2524 2837 2590 seu
2884 2528 3015 2607 80,
3064 2526 3279 2608 ibique
3330 2519 3395 2590 iti
3442 2527 3617 2592 notis
3658 2523 3982 2592 Vinctum.

1315 2653 1389 2703 v.
1439 2661 1502 2704 2.
1553 2639 1658 2706 nr.
1697 2646 1747 2712 εἴ
1788 2645 1998 2724 σβέσαν
2043 2658 2107 2708 et
2166 2642 2248 2708 fic
2289 2642 2551 2722 Gruteri
2598 2643 2727 2710 Ex·
2778 2657 2841 2709 et
2882 2641 3155 2708 Salmasii
3196 2641 3678 2725 annotationes,
3738 2661 3987 2726 expres-

1313 2748 1516 2835 sstque
1557 2755 1851 2827 Grotius.
1899 2759 2100 2828 Conf.
2147 2759 2340 2826 ovid.
2388 2760 2581 2826 Rem.
2623 2760 2776 2840 Am.
2840 2777 2905 2826 ν.
2956 2775 3067 2842 53.

1399 2864 1531 2950 Ep.
1591 2887 1741 2956 132.
1786 2887 2124 2945 Mapxo‘r
2163 2885 2727 2945 API'ENTAmo'r
2770 2877 2953 2942 etiam
3000 2877 3263 2944 Gruteri
3306 2877 3725 2962 Exemplum.

1401 2985 1534 3070 Ep.
1589 3009 1734 3074 133.
1781 3001 2129 3063 ΑΔΗΛΟΝ
2173 3004 2236 3055 et
2288 2989 2356 3059 in
2399 2988 2659 3057 Gruteri
2714 2992 3062 3077 Exemplo.
3164 2997 3333 3063 Cum
3392 2997 3516 3065 hoc
3601 2995 3736 3079 Ep.
3804 2991 3985 3062 conf.

1315 3104 1448 3186 Ep.
1499 3108 1649 3172 206.
2145 3178 2160 3191 ,

1403 3224 1533 3302 Ep.
1587 3244 1734 3308 134.
1791 3234 2198 3296 ΡΟΤΦΙΝΟΤ
2239 3228 2399 3293 etin
2432 3226 2695 3297 Gruteri
2746 3232 2875 3298 Ex.
2922 3228 3085 3295 Vide
3120 3229 3463 3297 Burmanni
3502 3244 3686 3297 notas
3720 3230 3795 3297 ad
3832 3228 3985 3295 Pro·

1315 3354 1481 3421 pert.
1529 3340 1682 3405 Lib.
1737 3363 1796 3407 1.
1846 3343 1952 3408 El.
2008 3343 2112 3407 16.
2161 3360 2226 3408 v.
2278 3362 2341 3423 7.
2394 3358 2459 3409 et
2510 3343 2664 3409 Lib·
2729 3366 2789 3429 3.
2846 3346 2955 3413 El.
3016 3365 3129 3429 23.
3184 3364 3250 3411 v.
3296 3366 3405 3428 32.
3536 3366 3603 3412 v.
3658 3366 3718 3411 1.
3768 3351 3984 3427 Ἵψοῦ-

1315 3480 1441 3523 ται.
1529 3454 1684 3522 Non
1743 3455 2036 3523 dissimile
2091 3459 2246 3526 illud
2273 3460 2489 3527 Ovidii
2538 3460 2803 3528 Heroid.
2868 3462 3005 3543 Ep.
3047 3480 3116 3544 9.
3178 3479 3244 3526 v.
3297 3478 3441 3543 129.
3535 3459 3681 3525 Dat
3738 3461 3986 3527 vultum

1305 3572 1538 3669 populo
1577 3571 1871 3655 sublime.
2013 3591 2079 3639 v-
2129 3594 2195 3641 2.
2237 3586 2394 3651 Ταῖς
2433 3578 2716 3657 σοβαρῶς
2754 3578 3009 3659 ὀφρύσιν·
3068 3576 3309 3643 Helena
3364 3576 3535 3659 apud
3596 3574 3794 3643 ovid.
3852 3566 3981 3656 Ep.

1311 3686 1577 3759 Heroid.
1632 3709 1736 3772 17.
1782 3708 1851 3759 v.
1903 3690 2006 3775 16.

2028 3805 2174 3875 Nec
2213 3802 2400 3888 sedito
2448 3802 2634 3871 duris
2694 3819 2885 3877 torva
2914 3808 3309 3896 superciliis.

1316 3937 1385 3983 v.
1439 3941 1502 4002 3.
1545 3920 1656 3986 Bt.
1700 3920 2004 4000 τριδύμων.

1406 4032 1538 4116 Ep.
1591 4048 1738 4118 135.
1783 4032 2025 4101 Rufino
2080 4035 2202 4103 hoc
2257 4035 2661 4121 Epigramma
2718 4033 2941 4103 tribuit
2989 4042 3173 4109 etiam
3236 4040 3532 4124 Toupius
3594 4040 3673 4105 ad
3728 4035 3984 4103 Suidam

1317 4150 1454 4217 vol.
1514 4170 1572 4216 1·
1617 4170 1694 4234 p.
1750 4152 1900 4232 189.
1947 4152 2056 4233 qui
2085 4172 2200 4235 pro
2237 4148 2730 4233 aoywpcbv'dedit
2763 4162 3027 4253 aarum&
3064 4134 3315 4242 ¹pridem
3368 4172 3427 4224 et
3464 4152 3802 4236 Obsopoeo
3845 4170 3988 4234 pro·

1320 4262 1562 4333 batum.
1689 4286 1758 4333 v·
1803 4286 1868 4331 2.
1915 4267 2021 4333 Br.
2064 4273 2178 4341 οὐδ’
2227 4269 2354 4345 ἐμὲ.
2484 4286 2551 4334 v.
2604 4287 2669 4351 3.
2720 4268 2829 4335 Br.
2871 4274 3199 4355 συςῆσομιι
3261 4288 3325 4341 et
3387 4272 3469 4339 fic
3535 4270 3795 4340 Gruteri
3854 4268 3996 4335 Ex-

1317 4381 1508 4460 empl.
1575 4393 1642 4444 et
1695 4381 2157 4454 Annotationes
2205 4381 2502 4453 Salmasti.
2658 4402 2724 4451 v.
2790 4405 2863 4466 4.
2924 4388 2985 4457 τί
3032 4392 3202 4473 μόνος
3258 4391 3387 4475 jam
3452 4388 3606 4456 Ald.
3668 4386 3771 4455 Pr.
3830 4376 3974 4448 Em·

1319 4506 1384 4557 et
1423 4493 1566 4559 Sec.
3373 4520 3379 4525 ·

1409 4610 1540 4691 Ep.
1595 4615 1742 4695 136.
1787 4624 2133 4683 ΑΔΗΛΟΝ
2171 4630 2230 4681 et
2275 4617 2340 4683 in
2384 4616 2639 4685 Gruteri
2680 4620 3019 4702 Exemplo.

1412 4722 1544 4809 ΕΡ·
1597 4746 1742 4813 137·
1787 4746 1854 4799 v·
1901 4748 1964 4813 3,
2007 4750 2075 4811 4·
2115 4730 2412 4817 Quatuor
2450 4735 2706 4806 Amoris
2750 4737 2943 4843 lineas
2994 4754 3139 4805 cum
3194 4734 3433 4805 Rufino
3488 4734 3749 4820 agnovit
3804 4732 3984 4801 Plato

3915 4844 3987 4909 in
