4750 6000
1337 575 2202 648 HIERONYMI
2269 575 2437 646 DE
2526 578 3016 649 nosen.
3384 536 3615 648 'xv-

749 782 1142 856 suetudinem
1197 778 1358 846 eius·
1411 779 1832 863 appetebant,
1899 793 1972 843 ut
2043 778 2163 844 iam
2228 779 2328 845 illa
2398 793 2593 846 aetate
2620 819 2643 854 ‚
2698 782 2775 846 de
2850 797 2975 862 qua
3047 777 3367 858 diximus,
3426 791 3637 844 tanta·

661 979 670 988 .
749 953 890 1002 eum
967 929 1308 996 multitudo
1369 924 1711 992 amicorum
1787 926 2062 1004 coleret,
2126 925 2407 991 omnium
2482 941 2545 992 et
2616 925 2945 992 bonorum·
3000 937 3063 990 et
3132 924 3611 1012 honestorum,

744 1096 1042 1176 quantam
1103 1094 1262 1142 raro·
1305 1072 1432 1141 sibi
1489 1071 1718 1152 aliquis
1775 1072 1874 1136 vel
1935 1067 2325 1152 amplissimo
2388 1074 2533 1138 loco
2586 1087 2771 1138 natus
2826 1069 3069 1136 iuvenis
3114 1087 3357 1153 sperare
3396 1065 3589 1134 ausit.

599 1243 608 1254 ·
679 1255 700 1274 ,
746 1197 885 1290 Nec
949 1243 1100 1292 vero
1159 1192 1509 1303 aequalium
1572 1217 1810 1296 modo,
1884 1213 1994 1280 sed
2057 1233 2274 1282 eorum
2345 1233 2652 1298 quoque,
2715 1217 2829 1298 qui
2896 1230 3089 1283 aetate
3162 1216 3335 1282 illum
3402 1231 3593 1297 quam

741 1367 1104 1454 longissime
1131 1365 1602 1438 ..antecederent
1623 1405 1648 1444 ,
1715 1377 2048 1428 noscfflus
2123 1357 2305 1426 facile
2363 1375 2425 1426 et
2482 1360 2722 1442 paravit
2783 1360 2906 1426 sibi
2982 1361 3238 1444 gratiam
3310 1373 3373 1424 et
3446 1351 3591 1419 reti·

741 1523 933 1602 nuit,
991 1531 1064 1586 ut
1109 1514 1490 1597 Burmanni,
1559 1527 1632 1580 ut
1689 1508 2051 1593 Fonteinii,
2137 1524 2206 1576 ut
2251 1509 2513 1579 Gerar-di
2570 1510 2823 1580 Hooftii
2864 1510 3113 1590 Patris,
3174 1504 3359 1572 cuius
3406 1505 3589 1571 etiam

742 1667 1046 1738 Consulis
1117 1665 1184 1732 in
1241 1683 1382 1730 eum
1459 1660 1648 1743 favos
1702 1660 1822 1726 iam
1893 1663 2481 1729 commemorandus
2553 1639 2707 1728 mihi
2785 1657 2981 1726 venit.
3071 1654 3351 1723 Unicum
3416 1646 3585 1721 senis

738 1811 983 1897 filium,
1059 1820 1253 1896 supra·
1307 1808 1430 1874 iam
1499 1805 1815 1874 laudatum
1873 1804 2066 1873 nobis
2126 1807 2415 1876 iuvenem
2491 1805 2839 1874 Gerar-dum
2918 1819 3253 1870 noscmus
3316 1799 3601 1864 multum·

735 1977 799 2030 et
871 1966 1177 2021 amaverat
1247 1953 1514 2036 vivum,
1587 1968 1648 2019 et
1711 1953 2066 2036 ploraverat
2133 1952 2460 2020 immatura
2538 1967 2746 2019 morte
2818 1931 3118 2038 raptum,
3196 1965 3313 2014 nec
3386 1937 3595 2010 officii.

737 2099 1078 2183 quidquam
1131 2099 1626 2182 praetermiserat
1647 2145 1692 2181 ,.
1739 2100 1912 2180 quod
1967 2099 2196 2168 valeret
2251 2099 2332 2166 ad
2378 2095 2732 2166 memoriam
2784 2096 3089 2164 defuncti·
3122 2090 3572 2160 celebrandam.

733 2247 830 2314 Ea
878 2242 1102 2328 pietas
1132 2243 1292 2312 orbo
1355 2242 1732 2325 miseroque·
1771 2242 1906 2310 seni
1962 2257 2086 2308 tam
2147 2256 2403 2326 accepta
2456 2241 2629 2324 fuit,
2690 2256 2761 2308 ut
2818 2242 2897 2310 ab
2940 2261 3017 2310 eo
3075 2252 3355 2322 tempore
3412 2203 3589 2294 nihil·

733 2394 930 2477 magis
1004 2408 1368 2476 quaererer,
1439 2411 1625 2475 quam
1699 2411 1830 2475 quo
1887 2394 2076 2478 digne
2144 2413 2505 2466 flosculum
2574 2394 2948 2462 remunerari
3021 2403 3264 2476 posset.
3355 2384 3591 2452 Huius·

727 2557 935 2612 autem
993 2541 1084 2610 rei
1143 2539 1394 2606 occasio
1447 2539 1698 2610 demum
1751 2543 2168 2616 sese,0btulit
2214 2563 2383 2614 anno
2430 2544 2785 2628 superioris·
2820 2543 3053 2611 saeculi
3104 2539 3591 2625 septuagesimo·

725 2682 912 2752 tertio
935 2729 958 2764 ,
1009 2684 1122 2766 qui
1163 2703 1474 2752 flosculo
1505 2685 1864 2754 tricesimus
1911 2688 2134 2756 tertius
2187 2687 2409 2756 aetatis
2452 2703 2602 2756 erat.
2694 2690 2801 2756 Eo
2840 2707 3007 2758 anno
3060 2703 3326 2756 vacuum
3369 2695 3591 2748 morte:

726 2830 1088 2916 Wagcnatii
1111 2879 1134 2914 ‚
1198 2835 1716 2916 praestantissimi
1768 2835 2102 2921 historici,
2166 2856 2401 2906 munus
2458 2836 2876 2923 graphiarium
2936 2853 3229 2904 noscmo
3291 2829 3571 2898 deferen-

727 2976 876 3044 dum
935 2994 1316 3053 censuerunt
1380 2981 1747 3066 Consules,
1805 2957 2119 3055 suasore-7
2136 2983 2389 3068 quidem
2456 2983 2723 3053 maxime
2782 2997 2843 3051 et
2908 2997 3170 3051 auctore
3244 2973 3587 3063 Hoostio„

725 3125 904 3195 facile
958 3144 1162 3197 tamen
1211 3130 1358 3197 huic
1408 3130 1914 3215 obsequentibus
1972 3135 2234 3221 collegis
2258 3183 2299 3217 ,.
2347 3136 2467 3219 qui·
2526 3136 2785 3221 dignum
2840 3134 3123 3203 viderent
3178 3125 3561 3215 Wagenatio

728 3291 1178 3343 successorem·
1201 3274 1358 3342 dari.

809 3418 1059 3488 Munus
1107 3436 1236 3489 erat
1284 3425 1524 3492 lautum
1579 3426 1752 3493 iuxta
1824 3442 1888 3493 et
1945 3432 2328 3513 honestum,
2408 3430 2574 3497 unde
2630 3448 2917 3495 nosemo
2972 3424 3259 3496 multum
3299 3418 3377 3485 ad
3429 3428 3579 3481 retu³

701 3564 1082 3657 'firmiliarem
1131 3572 1580 3658 emolumenti,
1645 3576 2034 3659 aliquantum
2089 3578 2270 3648 etiam
2327 3582 2406 3646 ad
2466 3580 2827 3665 dignitatem
2885 3573 3248 3645 incrementi
3307 3566 3563 3635 accede·

722 3721 836 3772 ret.
923 3705 1144 3792 Quare
1190 3710 1436 3776 vendita
1478 3713 2005 3782 medicamentaria
2068 3717 2310 3783 officina
2360 3716 2660 3783 laxiorem
2715 3716 2839 3783 sibi
2884 3712 3351 3781 habitationem·
3382 3726 3581 3773 com·-

718 3843 1000 3928 paravit,
1063 3845 1148 3912 in·
1189 3866 1312 3929 qua
1368 3848 1611 3916 scilicet
1667 3866 1730 3918 et
1784 3852 2203 3921 contubernio
2277 3854 2845 3939 Wyttenbachium·
2908 3852 3178 3936 recipere
3234 3864 3296 3917 et
3355 3849 3579 3918 libr0s2

719 4010 874 4060 suos
900 4040 924 4077 ,
960 4012 1250 4077 .quorum
1307 3995 1430 4065 iam
1491 3999 1802 4085 ingentem
1855 4008 2100 4089 copiam
2155 4006 2469 4089 habebat,
2533 4006 2757 4073 melius
2802 4005 3195 4087 nitidiusque
3246 4000 3554 4084 explicare

717 4154 792 4202 ²0
851 4134 1181 4220 disponere
1245 4154 1508 4235 posset,
1573 4141 1766 4209 vitam
1824 4162 1984 4226 quae
2043 4145 2379 4213 beatiorem
2440 4144 2713 4217 facerent
2776 4165 2873 4215 res
2934 4144 3338 4229 potissimum
3395 4144 3577 4207 duasa

715 4294 856 4347 esse
927 4296 1208 4354 statuens
1233 4334 1258 4370 ,
1327 4288 1662 4359 amicitiam
1739 4308 1802 4361 et
1859 4295 2166 4363 bonarum
2238 4298 2444 4365 studia
2516 4298 2857 4365 literarum.
2944 4296 3152 4381 Igitur
3200 4292 3311 4357 his
3370 4285 3575 4353 etiam--

710 4421 1190 4504 impertiendum
1241 4447 1428 4497 omne
1479 4430 1894 4501 arbitrabatur
1949 4433 2148 4503 otium
2175 4482 2214 4519 r
2266 4438 2441 4519 quod
2482 4438 2607 4503 sibi
2656 4458 2691 4503 a
2746 4450 2999 4504 munere
3052 4452 3205 4501 non·
3254 4438 3568 4510 magnum·

713 4568 1004 4675 widem,
1063 4595 1272 4663 neque
1326 4596 1532 4651 tamen
1595 4586 1838 4651 nulium
1859 4632 1888 4670 ,
1943 4588 2238 4655 relictum·
2288 4590 2563 4657 videbat.
2651 4590 2740 4657 Et
2800 4600 2977 4653 erant
3028 4600 3163 4649 tum
3220 4594 3500 4661 tempora
3516 4621 3569 4657 ,,

711 4711 970 4794 auibus
993 4720 1152 4789 otio·
1191 4746 1424 4801 secure
1463 4734 1588 4801 frui
1613 4782 1660 4819 ,,
1701 4736 2108 4824 iucundaque
2163 4760 2332 4809 cum.
2374 4742 2617 4811 amiets-
2652 4740 2997 4825 indulgere·
3045 4732 3255 4821 genic>³
3290 4730 3555 4799 liceret·-

3421 4870 3577 4937 w
