4750 6000
1778 519 1868 592 L.
1915 536 1985 605 7.
2028 521 2165 607 ΕΡ.
2214 522 2528 605 15-26.
3366 533 3493 602 145

1215 695 1346 771 Τὴν
1385 689 1590 774 thumim
1609 727 1630 758 s
1671 691 1984 770 Ἀγάθωνα
2021 698 2210 770 Φιλῶν
2251 689 2347 759 ἐπ’)
2384 690 2645 772 zelum!
2683 682 2865 772 εἶχον.

815 799 1014 872 Conf.
1065 818 1126 870 et
1157 825 1318 888 quae
1355 806 1642 872 dedimus
1686 807 1764 869 ad
1799 804 1954 870 Lib.
2007 824 2072 869 2.
2106 801 2242 868 Tit.
2282 791 2350 888 9‘.
2396 801 2525 884 Ep.
2584 822 2690 872 10.
2820 821 2866 867 v
2933 818 3005 882 4.
3048 797 3319 870 daenvel.
3366 797 3485 866 Vt-

811 919 894 984 de
935 920 1012 984 de
1053 919 1168 986 hac
1217 940 1372 988 voce
1409 921 1826 1004 Duport.ad
1867 918 2300 1003 Theophrasti
2356 919 2655 986 Charact.
2705 937 2778 1000 p.
2836 934 2985 998 229.
3034 933 3181 996 230.

899 1035 1030 1117 Ep.
1089 1041 1189 1103 16.
1240 1057 1306 1104 v.
1374 1041 1438 1106 8.
1499 1042 1666 1106 ἄλλα
1731 1037 1914 1111 effluo-l
1967 1041 2124 1104 λίνα.
2207 1033 2555 1100 Ruhnken.
2623 1035 2687 1100 in
2751 1030 3293 1102 Annotationibus
3360 1029 3491 1100 suis

815 1193 875 1234 „
919 1149 1177 1236 Lege*
1130 1181 1321 1232 amun
1360 1181 1460 1204 --
1499 1155 1677 1221 λίνου.
1719 1148 1986 1217 Homer.
2029 1149 2185 1216 Iliad
2217 1159 2294 1216 E.
2341 1166 2409 1214 v.
2442 1151 2602 1232 487.

1217 1297 1294 1318 -
1331 1269 1408 1346 ὥς
1449 1266 1623 1348 dorm
1666 1269 1775 1332 Mu:
1783 1290 1818 1332 υ
1855 1266 2066 1332 ἑλόντε
2106 1263 2483 1341 aeaevdypovss'

811 1395 879 1446 v-
933 1399 1037 1446 ιο.
1070 1382 1329 1462 Τιξὸτα.
1373 1377 1740 1460 Xenophon
1779 1377 1846 1444 in
1881 1375 2160 1443 Socratis
2187 1371 2717 1448 Memorabilibus
2751 1377 2909 1446 Lib.
2950 1395 3012 1445 1.
3050 1397 3115 1444 c.
3158 1396 3221 1462 3.
3268 1378 3332 1461 S.
3374 1395 3478 1460 13.

808 1491 922 1560 οἷ’
930 1505 1146 1570 Epa-:rec
1187 1491 1424 1570 τοξόται
1468 1495 1566 1560 διὰ
1604 1501 1774 1573 τοῦτο
1805 1496 2159 1564 καλοῦνται.
2220 1491 2308 1564 ὅτι
2347 1497 2449 1562 καὶ
2490 1497 2753 1578 amada
2792 1497 2843 1564 oi
2883 1495 3051 1562 κκλοὶ
3091 1493 3478 1574 τιτρώσκουσι.

799 1601 1017 1674 Conf.
1066 1603 1405 1670 stobaeum
1451 1623 1520 1687 p.
1567 1625 1721 1688 402.
1769 1622 1831 1672 et
1875 1607 1949 1674 Β.
2002 1603 2312 1700 Simpson.
2353 1609 2434 1675 ad
2475 1607 2771 1691 Xenoph.
2818 1625 2889 1690 Ρ.
2940 1623 3045 1690 59.

894 1722 1028 1804 ΕΡ.
1083 1741 1186 1802 17.
1235 1738 1302 1788 v.
1353 1742 1416 1787 Β.
1467 1721 1602 1788 Bt
1601 1725 1705 1790 Τί
1732 1720 1918 1800 ’δ’ἐμοὶ
1961 1727 2026 1788 V.
2077 1722 2144 1788 6.
2191 1727 2342 1810 αὐτῇ
2386 1727 2557 1806 μητρὶ
2600 1727 2749 1805 (plan
2794 1735 2857 1787 et
2902 1742 2965 1790 v.
3020 1727 3086 1792 8.
3129 1697 3301 1794 θέλει.
3352 1756 3420 1772 -··

893 1837 1027 1920 ΕΡ.
1083 1839 1182 1902 18.
1229 1837 1371 1904 Hoc
1403 1837 1852 1922 Epigramma,
1896 1839 2064 1921 apud
2102 1836 2487 1902 Brunckium
2522 1840 2685 1904 inter
2717 1839 3019 1923 Meleagri
3052 1838 3482 1922 Epigramma·

811 1969 878 2022 ta
929 1953 1148 2034 LXII,
1197 1970 1306 2035 et,
1352 1959 1530 2038 quod
1574 1955 1745 2046 apud
1787 1971 1928 2018 eum
1976 1968 2120 2035 est,
2187 1949 2384 2033 LXI,
2444 1971 2577 2020 non
2636 1953 2751 2020 nili
2817 1973 3009 2021 unum
3054 1953 3245 2038 sunt,
3318 1975 3481 2040 quae

812 2075 1066 2156 quidem
1100 2073 1184 2138 ita
1236 2071 1376 2138 sunt
1414 2071 1776 2158 jungenda,
1823 2084 1893 2133 ut
1937 2071 2256 2151 posterius
2292 2071 2370 2136 ab
2412 2069 2594 2136 initio
2629 2071 2821 2154 priori
2859 2088 3291 2140 connectatur.
3327 2074 3483 2145 vid.

808 2187 1149 2271 Wyttenb.
1199 2187 1366 2257 Bibl.
1413 2189 1556 2256 Crit
1641 2186 1791 2252 Vol.
1849 2204 1906 2274 1..
1972 2202 2148 2268 parte
2203 2210 2267 2254 2.
2325 2210 2393 2274 p.
2447 2209 2555 2272 29.
2606 2185 2805 2256 Conf.
2858 2205 2921 2256 ct
2973 2187 3199 2258 Manso
3240 2212 3308 2275 p.
3372 2213 3479 2278 30.

807 2324 876 2372 v.
933 2325 990 2370 1.
1040 2305 1164 2370 Pro
1213 2307 1495 2376 ἐπίκτητα
1540 2319 1706 2369 recte
1757 2300 2114 2367 Brunckius
2165 2307 2346 2372 Lect·
2386 2321 2449 2372 et
2502 2307 2651 2373 Em.
2685 2323 2753 2387 p.
2790 2325 2859 2386 4.
2908 2309 3228 2382 lxlv-nera.
3274 2307 3481 2382 Conf.

803 2419 1135 2486 Victorius
1185 2423 1260 2484 ad
1304 2418 1632 2485 Ciceronis
1683 2421 1852 2501 Epp-
1917 2421 1994 2484 ad
2053 2420 2254 2485 Attic.
2305 2419 2459 2486 Lib.
2510 2439 2550 2500 7
2634 2421 2755 2500 Ep.
2814 2439 2872 2484 1.
2933 2419 3036 2486 Sic
3068 2435 3135 2488 et
3168 2425 3475 2506 ἐπίτηκτος

805 2540 977 2618 apud
1011 2535 1404 2601 Plutarchum
1447 2533 1636 2600 Tom.
1687 2557 1749 2601 2.
1793 2555 1863 2618 p.
1912 2537 1998 2617 65
2071 2537 2118 2602 B
2153 2539 2483 2622 legendum
2528 2535 2659 2602 esse
2691 2537 2847 2602 vidit
2874 2535 3242 2624 Jacobfius,
3301 2545 3477 2627 quod

806 2651 1376 2736 Wyttenbachium
1423 2669 1553 2716 non
1599 2651 2096 2718 animadvertisse
2143 2654 2423 2720 miratur.
2822 2637 2831 2650 ’

697 2779 704 2786 ’
745 2817 752 2822 -
892 2771 1024 2853 Ep.
1079 2790 1183 2854 19.
1226 2759 1393 2833 'Vide
1450 2769 1529 2832 de
1585 2769 1708 2836 hoc
1747 2769 2252 2853 'Epigr.‘ssurm.
2298 2771 2440 2838 Sec.
2476 2771 2552 2837 ad
2585 2771 2873 2854 Propert.
2920 2768 3074 2838 Lib.
3120 2785 3190 2856 42
3236 2775 3349 2849 El.
3397 2781 3466 2849 6.

783 2901 874 2982 y.
927 2901 1034 2967 55.
1165 2905 1232 2950 ν.
1285 2903 1353 2967 3.
1393 2883 1502 2954 Βι·.
1560 2889 1756 2965 bagai»
1799 2889 1850 2956 δ·
1895 2892 1990 2957 ἐπὶ
2033 2895 2216 2974 θερμῷ
2263 2891 2503 2969 laianu,
2545 2902 2608 2955 et
2646 2886 2729 2954 fic
2764 2887 3023 2954 Gruteri
3058 2891 3182 2959 Ex.
3221 2909 3285 2962 et
3330 2897 3477 2965 Sui·

805 3004 918 3071 das
962 3022 1028 3068 v.
1079 3002 1389 3079 ἅτρκκτσν.
1523 3020 1584 3066 v.
1635 3020 1705 3082 4.
1767 3001 1876 3067 Βι·.
1921 3006 2198 3085 fufium,
2257 3021 2464 3087 neque
2512 3004 2689 3071 aliter
2740 3004 2998 3071 Gruteri
3046 3007 3171 3075 Ex.
3221 3026 3284 3077 et
3340 3014 3476 3081 Sal-

809 3118 978 3186 mafii
1022 3117 1516 3184 Annotationes.
1606 3136 1669 3183 v·
1721 3134 1782 3199 5.
1831 3120 1872 3185 6
1950 3119 2342 3201 Corruptum
2398 3121 2521 3187 hoc
2575 3118 2885 3187 distichon
2942 3122 3106 3188 varie
3159 3138 3478 3197 tentarunt

807 3234 948 3301 Viri
1003 3233 1194 3301 Docti
1278 3232 1442 3299 Vide
1471 3230 1742 3318 Jacobfii
1785 3246 1994 3303 notas.
2040 3232 2312 3303 Grotius
2358 3234 2577 3320 legisse
2620 3234 2869 3301 videtur
2907 3238 3149 3319 Tio-opi,
3188 3244 3482 3325 anina„-
3558 3227 3567 3239 ”

815 3375 910 3423 τος
956 3352 1152 3429 ἔσσομ’
1193 3352 1576 3429 ἀλεξάμενος.

889 3465 1022 3545 Ep.
1073 3486 1178 3529 20.
1227 3464 1551 3547 Meleagro
1594 3463 1717 3529 hoc
1773 3460 2178 3565 Epigramma
2229 3462 2457 3530 tribuit
2496 3464 2817 3549 Bentlejus
2853 3464 2932 3531 ad
2979 3460 3210 3533 Horat.
3250 3466 3479 3539 Carm..

803 3578 960 3647 Lib.
1015 3597 1074 3645 1.
1121 3577 1251 3645 Od.
1301 3596 1408 3661 25.
1458 3599 1526 3645 v.
1577 3598 1640 3659 7.
1694 3582 1803 3659 qui
1851 3578 2003 3661 legit
2059 3598 2126 3645 v.
2193 3599 2258 3646 2.
2301 3583 2412 3658 πρὸ
2452 3581 2758 3659 προθύροις.

889 3697 998 3778 ΕΡ
1067 3714 1178 3763 21.
1225 3694 1389 3761 Vide
1433 3689 1709 3759 Salmafii
1748 3708 1936 3759 notas
1975 3694 2052 3757 ad
2085 3691 2417 3758 Theocriti
2454 3691 2641 3774 Idyll.
2687 3710 2759 3774 Ρ.
2803 3710 2956 3777 223.
3002 3705 3067 3757 et
3106 3690 3281 3777 seqq.
3321 3707 3473 3778 post

807 3810 1080 3879 Herodis
1118 3812 1321 3878 Attici
1373 3808 1881 3895 [ascriptionem.
2018 3826 2084 3874 v.
2137 3828 2202 3873 2.
2248 3806 2356 3873 Βι·.
2400 3810 2757 3887 Συρηκόσιον.

893 3926 1022 4007 ΕΡ.
1063 3948 1170 3993 22.
1215 3946 1284 3992 ν.
1337 3946 1397 4009 3
1443 3928 1534 3995 οἶά
1571 3956 1640 3997 τε
1676 3931 1915 4007 armon.
1955 3924 2123 3989 Vide
2155 3924 2501 3989 Kusterum
2542 3924 2621 3990 ad
2640 3922 2894 3990 Suidam
2928 3940 2999 4005 Ρ.
3032 3920 3189 4006 465.
3216 3934 3279 3987 et
3316 3942 3476 4005 quae

810 4040 1176 4110 notavimus
1219 4042 1298 4108 ad
1350 4040 1502 4108 Lib
1559 4059 1631 4122 4.
1687 4038 1777 4107 Τ.
1848 4061 1953 4109 12.
1997 4041 2128 4125 ΕΡ.
2186 4056 2335 4123 125.
2426 4060 2492 4108 v.
2539 4052 2605 4120 5.
2652 4038 2764 4103 Br.
2812 4048 3086 4111 πολλαῖς·

897 4159 1032 4241 ΕΡ.
1084 4178 1188 4239 24.
1236 4176 1310 4223 v.
1359 4178 1420 4242 3.
1465 4158 1588 4225 Pro
1631 4162 1878 4229 Ἰλιάδος
1919 4170 2088 4223 recte
2135 4158 2240 4223 llr.
2284 4158 2566 4228 Ἰσιάδος.
2628 4168 2701 4219 ut
2737 4152 3033 4220 Grotius.
3140 4174 3211 4222 v.
3257 4158 3324 4224 6.
3370 4156 3480 4227 Βι·.

810 4277 884 4343 Εἰ
923 4275 978 4340 ὃ·
1023 4274 1270 4353 ἐθέλεις,
1319 4288 1381 4339 et
1423 4272 1507 4341 fic
1566 4274 1826 4341 Gruteri
1867 4275 1994 4339 Ex.
2043 4285 2106 4335 et
2141 4268 2415 4336 Salmafii
2474 4268 2959 4335 Annotationes.

895 4386 1029 4470 Ep.
1065 4368 1187 4470 425.
1235 4387 1333 4452 De
1389 4390 1516 4455 hoc
1547 4370 1780 4471 Epigr.
1812 4390 1948 4452 vid.
1989 4384 2446 4449 Ruhnkenium
2476 4386 2556 4449 ad
2610 4382 2854 4450 Timaei
2889 4380 3173 4449 Lexicon
3214 4404 3280 4467 p.
3322 4404 3473 4469 123.

817 4522 970 4586 124.
1101 4523 1170 4573 v.
1223 4524 1284 4570 1.
1333 4506 1570 4571 Nat-mov
1615 4503 1800 4567 etiam
1856 4497 2128 4567 Salmafii
2173 4498 2657 4578 annotationes,
2719 4513 2789 4565 ut
2850 4497 3120 4563 Grotius
3171 4514 3235 4563 et
3282 4496 3483 4569 Brun-

813 4620 1020 4685 ckiuS.
1113 4638 1180 4685 v.
1233 4639 1302 4703 4·
1347 4614 1552 4683 Conf.
1589 4615 1960 4683 Valckenar.
2001 4616 2340 4683 Animadv.
2371 4618 2468 4699 ‘ad
2502 4616 2802 4685 Ammon.
2852 4632 2921 4696 p.
2970 4630 3116 4693 151.
3164 4631 3313 4695 152.

901 4736 1034 4823 Ep.
1081 4734 1192 4805 26.
1237 4752 1302 4805 v.
1355 4752 1418 4803 1.
1472 4732 1791 4819 Scaliger,
1833 4734 2082 4804 Latinis
2135 4730 2416 4800 versibus
2472 4735 2597 4807 hoc
2638 4736 3035 4823 Epigramma
3074 4732 3426 4815 exprimens
3448 4782 3473 4819 ‚

2145 4846 2213 4916 T
3352 4866 3485 4921 non
