4750 6000
1618 520 1707 590 L.
1758 545 1821 609 3.
1868 519 1959 590 T.
2001 523 2073 587 6.
2120 522 2249 608 Ep.
2298 542 2385 604 27
2423 553 2524 576 ⁸¹·
2570 542 2678 609 34.
3442 540 3532 610 27

930 688 1059 770 Ep.
1108 706 1219 773 27.
1266 706 1333 756 v.
1388 707 1448 756 1.
1495 688 1603 758 Br.
1652 695 1939 770 Σατύρου.
1986 705 2049 756 et
2092 690 2194 758 alii
2234 733 2258 768 ‚
2328 683 2676 770 ’Aps-tram.
2805 689 2878 758 In
2919 686 3198 760 Verslone
3245 690 3380 778 lege
3419 663 3553 758 Si?

838 802 1067 887 donis,
1140 820 1213 872 ut
1251 821 1378 872 erat
1411 805 1477 873 in
1516 806 1617 872 M.
1660 805 1731 873 S.
1821 824 1887 872 v.
1938 826 2001 872 2.
2048 808 2281 886 κρύφε,
2326 815 2399 868 ut
2441 803 2519 868 ad
2561 803 2686 872 Ex.
2735 802 2999 870 Ruhnk.

796 942 801 951 ·
924 920 1055 1002 Ep.
1108 923 1215 986 28.
1264 940 1329 988 v.
1384 941 1441 988 1.
1504 919 1613 988 Br.
1660 923 1977 1002 εἰσαθρεῖς,
2024 932 2094 984 ut
2136 919 2303 1002 apud
2342 915 2538 999 Diog.
2576 918 2898 998 Laertium
2939 939 3008 1004 p.
3057 925 3206 988 182.
3256 935 3318 987 et
3361 921 3519 990 Mu-

766 1043 775 1052 ’
842 1045 1047 1100 retum
1090 1036 1155 1102 in
1196 1036 1518 1104 Catullum
1576 1057 1639 1101 c.
1706 1053 1768 1117 7.
1806 1051 1874 1118 p.
1928 1055 2029 1100 12.
2088 1034 2215 1102 Ed.
2275 1033 2541 1100 Ruhnk.
2601 1048 2758 1101 tom.
2811 1057 2873 1101 2.
2917 1055 2986 1118 p.
3043 1055 3194 1120 730.
3244 1038 3354 1104 ubi
3397 1040 3518 1104 ele-

838 1147 1185 1235 gantisfimi
1218 1152 1335 1218 viri
1370 1169 1557 1219 notas
1591 1150 1871 1218 consule.
1917 1151 2014 1216 De
2054 1167 2129 1216 eo
2166 1147 2456 1232 pluribus
2498 1149 2626 1234 egit
2679 1152 3032 1242 Averanius
3089 1151 3355 1218 Dissert.
3393 1151 3506 1219 XI.

837 1280 999 1334 tom.
1064 1287 1122 1332 1.
1180 1287 1249 1348 p.
1312 1287 1455 1348 104.
1516 1267 1637 1334 Est
1682 1265 1898 1339 allufio
1954 1265 2023 1332 in
2072 1265 2369 1346 nomine,
2437 1282 2624 1346 quam
2682 1267 3097 1350 explicuimus
3171 1270 3249 1333 ad
3305 1268 3389 1333 L.
3439 1288 3502 1334 2.

726 1387 733 1392 “
841 1381 975 1450 Tit.
1022 1401 1084 1463 5.
1126 1383 1255 1465 Ep.
1299 1403 1363 1466 9.
1402 1383 1475 1450 In
1510 1383 1809 1449 omnibus
1861 1383 2085 1464 priscis
2133 1384 2255 1450 hoc
2302 1399 2446 1450 cum
2490 1378 2780 1461 sequente
2827 1383 3215 1467 conjunctim
3249 1383 3505 1466 legitur.

836 1499 943 1564 Ad
978 1498 1241 1564 Ruhnk.
1272 1499 1407 1564 Ex..
1436 1515 1715 1564 notatur.
1765 1545 1817 1580 ‚,
1866 1497 2157 1584 Hagenb.
2194 1499 2327 1580 Ep.
2362 1496 2586 1580 Epigr.
2633 1517 2702 1578 p.
2773 1513 2920 1580 257.
2979 1496 3187 1564 Gesn.
3245 1499 3503 1566 Comm.

836 1614 1025 1682 Gott.
1068 1613 1183 1679 IV.
1226 1631 1295 1694 p.
1347 1613 1539 1678 108.”
1572 1615 1739 1696 apud
1762 1631 1859 1681 me
1879 1633 1947 1696 p.
1986 1633 2135 1697 377.
2180 1613 2361 1680 Adde
2394 1612 2717 1678 Barthium
2750 1616 2826 1678 ad
2865 1614 3194 1682 Claudian.
3241 1633 3310 1696 p.
3347 1633 3503 1695 771.
3571 1595 3580 1602 ’

841 1730 952 1812 qui
995 1730 1141 1793 haec
1182 1727 1443 1810 separari
1484 1729 1858 1808 maluerunt.
1907 1728 2029 1794 Sed
2066 1725 2240 1794 conf.
2283 1728 2566 1810 inprimis
2607 1731 2684 1800 ad
2715 1723 2986 1796 citatum'
3014 1729 3247 1794 Laertii
3291 1731 3502 1797 locum

832 1842 1175 1910 doctisfimi
1234 1841 1510 1924 Menagii
1558 1859 1745 1908 notas
1800 1863 1869 1924 p.
1935 1860 2079 1923 150.
2138 1843 2584 1915 Suavisfimum
2623 1845 2744 1910 hoc
2797 1865 3043 1911 carmen
3102 1859 3285 1914 vocat
3346 1845 3501 1911 Mit-

830 1961 1051 2028 scherl.
1108 1959 1187 2024 ad
1241 1957 1467 2024 Horat.
1524 1958 1606 2024 L.
1671 1978 1731 2044 3.
1782 1979 1845 2024 c.
1883 1971 2006 2042 19.
2063 1978 2127 2025 v.
2164 1961 2269 2026 26.
2317 1933 2490 2048 Quid
2530 1961 2759 2042 plura?
2807 1964 2882 2028 de
2917 1961 3016 2036 his
3052 1959 3179 2044 egit
3217 1960 3499 2042 optimus

830 2076 1157 2145 Poetarum
1210 2063 1513 2154 interpres
1568 2075 1641 2140 P.
1684 2074 2079 2142 Burmannus
2116 2076 2255 2142 Sec.
2309 2075 2388 2142 ad
2419 2078 2688 2144 Anthol.
2723 2077 2872 2144 Lat.
2918 2090 3074 2141 tom.
3122 2094 3183 2139 1.
3225 2093 3293 2156 p.
3340 2075 3492 2156 669.

918 2210 985 2258 v.
1038 2209 1100 2273 3.
1163 2191 1263 2270 §five
1327 2191 1481 2254 male
1540 2190 1603 2256 in
1656 2189 1781 2258 Ed.
1824 2190 2013 2258 Paris.
2066 2195 2142 2258 ad
2185 2209 2369 2274 quam
2411 2181 2840 2275 provocatur,
2883 2191 3111 2274 legitur
3151 2209 3270 2274 pro
3313 2196 3443 2276 ἑῷος
3469 2235 3496 2270 v

826 2323 905 2374 ut
942 2322 1036 2372 est
1074 2307 1139 2370 in
1172 2302 1683 2386 praestantissima
1708 2305 1975 2390 Juntina
2013 2322 2074 2370 et
2107 2307 2243 2372 aliis
2284 2308 2484 2380 bonae
2523 2323 2707 2378 notae
2741 2305 3179 2374 Editionibus.

918 2425 1047 2505 Ep.
1100 2442 1203 2503 30.
1254 2421 1425 2486 Citat
1480 2421 1601 2484 hoc
1656 2418 1997 2484 Suetonius
2044 2419 2111 2482 in
2159 2418 2416 2488 Nerone
2464 2443 2605 2506 cap.
2651 2427 2756 2507 38.
2816 2423 2927 2488 ubi
2959 2422 3100 2487 vide
3145 2419 3295 2486 VV.
3335 2420 3487 2488 DD.

829 2553 1043 2606 notas.
1083 2537 1189 2620 Jo.
1237 2535 1551 2600 Brodaeus
1596 2533 1661 2599 in
1705 2533 1984 2600 Miscell.
2030 2535 2075 2598 l.
2122 2535 2189 2598 6.
2234 2555 2293 2599 c.
2342 2535 2490 2602 XV.
2539 2537 2819 2602 modeste
2863 2537 3114 2618 quidem
3140 2583 3164 2619 ‚
3209 2537 3311 2604 sed
3357 2555 3492 2606 non

828 2672 973 2719 vere
1009 2648 1397 2734 reprehendit
1423 2648 1789 2726 Erasmum,
1842 2649 1988 2730 quia
2038 2649 2225 2714 vertit
2271 2651 2476 2734 Adag.
2517 2669 2583 2731 p.
2647 2671 2792 2733 141.
2839 2673 2933 2716 me
2974 2665 3221 2717 mortuo
3260 2648 3488 2734 confla·
3537 2730 3540 2732 v
3661 2693 3670 2698 -

820 2783 974 2857 gret
1013 2770 1235 2832 humus
1268 2762 1598 2830 incendit‘s.
1687 2763 1833 2851 Qua
1884 2765 1949 2832 in
2012 2783 2079 2830 re
2124 2780 2329 2832 tamen
2376 2765 2678 2832 refellitur
2721 2789 2754 2832 a
2785 2765 3070 2834 Fabricio
3106 2766 3182 2830 ad
3215 2763 3485 2830 Dionem

830 2883 1109 2975 Cassium
1151 2903 1220 2965 p.
1258 2886 1404 2963 895.
1450 2881 1648 2948 Conf.
1686 2880 1899 2950 Davis.
1935 2882 2014 2946 ad
2048 2880 2261 2946 Cicer.
2298 2884 2373 2950 de
2417 2881 2684 2950 Finibus
2726 2881 2816 2949 L.
2859 2902 2918 2966 3.
2968 2901 3028 2951 c.
3080 2899 3183 2964 19.
3220 2899 3288 2964 p.
3331 2895 3480 2964 259.

830 3002 1033 3071 Proba
1090 3016 1347 3083 quoque
1386 2996 1613 3064 Aiciati
1674 2993 1901 3063 Latina
1942 2995 2178 3081 verfiO,

1335 3114 1455 3179 Me
1494 3127 1681 3212 tersa
1706 3112 1941 3195 functo
1984 3117 2329 3180 misceatur
2366 3114 2643 3199 ignibus.

1338 3228 1423 3295 Id
1458 3246 1611 3293 curo
1653 3226 1841 3293 nihil.
1903 3228 2063 3293 Mea
2092 3229 2293 3317 probe
2320 3230 2397 3311 se
2437 3234 2789 3297 contiueat.

780 3356 813 3407 ,·
910 3348 1039 3431 ΕΡ.
1094 3366 1197 3430 31.
1244 3364 1309 3411 v.
1364 3365 1428 3411 2.
1476 3344 1579 3409 Ad
1617 3344 1743 3411 Ex.
1791 3342 2056 3411 Ruhnk.
2092 3370 2195 3430 γρ.
2240 3348 2349 3432 κᾷν
2391 3348 2523 3415 θάνε
2559 3348 2888 3445 γηραξιέοςς
2935 3360 3008 3412 ut
3038 3346 3206 3431 apud
3246 3342 3478 3413 Salma-

819 3464 977 3533 sium
1023 3485 1089 3546 p.
1140 3480 1248 3543 57.
1294 3476 1355 3524 et
1394 3459 1500 3524 Bt.

910 3583 1040 3662 Ep.
1092 3599 1193 3659 32.
1240 3596 1307 3639 ν.
1358 3596 1428 3657 3.
1466 3579 1693 3645 Pdeme.
1740 3575 1906 3640 Idem
1947 3574 2051 3640 ille
2086 3570 2392 3654 Gesfius,
2435 3574 2500 3639 in
2539 3590 2725 3653 quem
2785 3577 2967 3657 plura
3021 3577 3295 3659 ejusdem
3341 3576 3478 3641 Pal-

820 3696 993 3760 ladae
1034 3692 1491 3773 Epigrammata
1531 3693 1861 3775 leguntur,
1893 3689 1979 3757 L.
2018 3712 2081 3757 2.
2122 3690 2259 3759 Tit.
2301 3694 2415 3772 48.
2453 3690 2526 3755 In
2565 3685 2843 3753 versione
2883 3707 2950 3755 v.
3000 3708 3062 3774 3.
3110 3691 3282 3773 Lege
3315 3689 3480 3753 Pro-

822 3823 1033 3879 νει-ιω
1066 3822 1127 3871 et
1166 3806 1309 3873 dein
1332 3804 1661 3893 profectus
1684 3852 1711 3889 ,
1754 3806 1928 3885 quod
1969 3804 2255 3887 quamvis
2290 3804 2355 3871 in
2398 3802 2500 3869 M.
2545 3804 2614 3871 S.
2649 3823 2780 3871 non
2815 3804 3130 3873 invenitur
3152 3853 3175 3887 ,
3222 3820 3425 3871 tamen
3450 3850 3476 3886 ,

822 3927 981 4007 quin
1036 3923 1306 3991 Grotius
1341 3923 1426 3987 ita
1469 3921 1814 4004 scripserit,
1860 3940 1993 3987 non
2028 3919 2318 3987 dubium.
2410 3940 2476 3986 v.
2521 3942 2590 4003 4.
2639 3920 2744 3985 Br.
2784 3924 2924 3990 Ἤν.
2983 3922 3323 4005 Receptam
3357 3923 3479 3991 lec-

820 4042 1053 4108 tionem
1107 4054 1319 4105 tuetur
1366 4036 1671 4103 Wetsten.
1724 4037 1801 4101 ad
1844 4034 1938 4101 N.
2004 4034 2093 4101 T.
2142 4049 2195 4102 t.
2246 4057 2312 4101 2.
2355 4056 2425 4119 p.
2469 4038 2620 4121 263.
2654 4035 2856 4105 Conf.
2895 4054 3082 4107 notas
3115 4041 3194 4107 ad
3233 4038 3474 4105 Thom.

818 4154 1102 4240 Magistr.
1144 4174 1212 4237 p.
1252 4172 1401 4236 739.
1446 4151 1546 4217 seu
1588 4150 1803 4239 potius
1836 4172 1903 4233 p.
1950 4170 2101 4257 740.

804 4289 812 4303 ·
903 4273 1033 4356 ΕΡ.
1086 4290 1191 4354 33.
1237 4288 1303 4341 v
1353 4292 1416 4334 2.
1467 4268 1635 4335 Huic
1670 4268 1965 4335 convenit
1998 4266 2153 4335 illud
2184 4266 2464 4338 Palladae
2504 4266 2589 4335 L.
2633 4289 2696 4340 2.
2736 4267 2824 4338 Τ.
2867 4285 2974 4352 5ο.
3024 4266 3110 4337 Ε.
3162 4285 3267 4380 11.

820 4407 830 4416 ·
1326 4388 1520 4463 ΨύΦῴ
1558 4392 1660 4453 νοῦ
1700 4385 1948 4452 θανάτου
1986 4380 2315 4463 προῦλαβεν
2354 4386 2437 4459 εἰς
2475 4387 2675 4463 mnu.

816 4494 973 4565 vid.
1019 4497 1377 4565 Schneider.
1424 4493 1621 4563 Peric.
1670 4494 1835 4563 Crit.
1884 4515 1955 4579 p.
2008 4498 2119 4575 87.

904 4614 1034 4694 ΕΡ.
1088 4632 1191 4695 34.
1238 4610 1335 4678 De
1370 4594 1491 4679 hoc
1533 4614 1658 4697 egit
1691 4611 1989 4695 Toupius
2024 4609 2089 4675 in
2123 4608 2446 4676 Addendis
2482 4612 2560 4685 ad
2595 4610 2922 4677 Theocrit.
2975 4629 3044 4693 p.
3090 4608 3246 4689 406.
3295 4608 3482 4690 cujus

818 4731 1149 4797 lectionem
1190 4744 1323 4796 non
1360 4726 1587 4810 probat
1606 4727 1959 4814 Jacobfius.
2006 4724 2081 4790 In
2114 4723 2342 4794 Latina
2383 4726 2662 4799 verfione
2701 4742 2830 4793 erat
2875 4725 2941 4791 in
2980 4722 3081 4789 M.
3137 4724 3205 4793 S.
3250 4722 3492 4808 Amyn-

2053 4838 2115 4905 D
2161 4858 2201 4904 2
3361 4838 3491 4903 thl-
