4750 6000
1199 600 1342 654 vm
2085 553 3183 646 LAUDAT'IO

1209 781 1617 849 miliaritatem
1677 773 2044 858 expetebant
2079 819 2104 854 ,
2186 786 2428 837 certum
2472 769 2769 840 habentes
2812 822 2836 857 ,
2920 774 2985 840 id
3034 775 3212 857 quod
3276 786 3407 840 erat
3443 818 3473 855 ,
3542 770 3684 841 fore
3726 787 3799 842 ut
3860 775 4056 860 pluri-

1181 917 1383 1002 'mum
1435 951 1510 997 ex
1563 949 1632 998 ea
1687 926 2010 994 suavitatis
2083 937 2272 1004 atque
2333 925 2651 989 commodi
2704 922 3125 1006 perciperent.
3212 927 3305 992 Ita
3366 923 3573 990 statim
3624 925 3682 990 ei
3732 925 4052 995 conciliati
4151 926 4157 934 ’

1208 1096 1364 1148 sunt
1411 1077 1655 1144 nobiles
1695 1071 2012 1154 ‘imprimis
2053 1069 2551 1138 'Burmannianae
2608 1073 2973 1156 disciplinae
3040 1075 3324 1155 alumni,
3399 1074 3588 1140 Ianus
3669 1074 4049 1158 Helvetios,

1204 1197 1584 1308 Laurentius
1635 1222 1973 1290 Santenius
2014 1269 2040 1304 ,
2131 1221 2454 1290 Gerardns
2500 1223 2811 1292 Hooftius
2850 1271 2875 1307 ,
2962 1225 3183 1290 Petrus
3258 1219 3569 1286 Nicolaus
3624 1219 4043 1286 Amtzenius-

1204 1379 1310 1445 Ab
1379 1377 1479 1443 his
1540 1373 1650 1441 diu
1711 1373 2103 1454 multumque
2161 1371 2466 1438 invitatus
2524 1389 2901 1453 noscnrus,
2980 1385 3053 1438 ut
3123 1371 3191 1437 in
3255 1370 3612 1438 sodalitium
3676 1369 4045 1454 poeticum,

1206 1528 1382 1609 quod
1427 1525 1515 1591 illi
1557 1524 1917 1590 But-manno
1961 1535 2216 1589 auctore
2259 1519 2708 1602 instituerant,
2772 1519 3017 1586 socium
3050 1540 3127 1588 se
3156 1521 3441 1606 cooptari
3489 1533 3848 1608 pateretur,
3895 1521 4047 1586 huic

1205 1677 1459 1759 quidem
1521 1691 1739 1738 eorum
1795 1687 1998 1755 voto,
2080 1672 2378 1754 quamdiu
2426 1690 2582 1739 avus
2642 1669 2767 1753 ipsi
2816 1668 2883 1734 in
2927 1667 3095 1734 vivis
3148 1667 3279 1740 fuit
3314 1715 3339 1750 ‚
3426 1670 3641 1734 ce‘dere
3685 1684 4041 1738 constanter

1200 1825 1556 1905 recusavit,
1643 1821 1879 1890 veritus
1927 1819 2172 1886 scilicet
2193 1867 2218 1902 ,
2284 1797 2365 1886 ne
2427 1820 2512 1885 ita
2553 1821 2660 1885 vel
2722 1817 2855 1884 seni
2905 1819 3269 1884 modestiam
3316 1835 3555 1888 crearet
3585 1869 3609 1904 ,
3695 1821 3800 1886 vel
3872 1835 4041 1886 certe

1207 1975 1478 2042 debitam
1527 1974 1728 2039 huius
1779 1969 2104 2035 fatiscenti
2155 1970 2276 2036 iam
2335 1969 2518 2037 aetati
2564 1987 2775 2034 curam
2828 1957 3035 2049 aliqua
3078 1969 3183 2034 sui
3211 1983 3391 2053 parte
3428 1969 3765 2038 fraudaret.
3857 1970 4036 2036 Lite·

1197 2125 1346 2191 ratis
1393 2140 1598 2191 tamen
1647 2125 1990 2190 amicorum
2041 2119 2269 2185 studiis
2318 2133 2383 2186 et
2414 2118 2665 2186 vivente
2696 2137 2815 2185 avo
2850 2131 3093 2184 tantum
3124 2119 3347 2186 tribuit
3382 2122 3683 2204 temporis
3721 2167 3746 2202 ,
3827 2139 4032 2237 Ψ·

1195 2287 1331 2350 tum
1383 2273 1549 2338 salva
1597 2271 1825 2353 pietate
1873 2269 2123 2353 potuit,
2192 2283 2255 2332 et
2309 2269 2612 2337 defuncto
2670 2270 2784 2335 illo
2836 2267 3217 2352 (superioris
3272 2270 3503 2336 saeculi
3558 2290 3723 2338 anno
3782 2289 4037 2355 sexage-

1195 2419 1360 2486 simo
1418 2419 1727 2502 septimo)
1775 2435 2078 2503 quantum
2135 2416 2444 2498 reliquum
2494 2417 2633 2498 ipse
2686 2415 2909 2482 habuit
2974 2419 3051 2482 ab
3118 2419 3399 2484 officinae
3461 2424 3675 2504 reique
3705 2420 4033 2492 ,familiaris

1151 2571 1758 2639 administratione.
1852 2567 2024 2632 Tum
2103 2582 2362 2648 quoque
2400 2563 2582 2630 sein
2642 2565 2796 2632 illud
2854 2567 3211 2636 sodalitium
3278 2568 3548 2634 adscisci
3610 2587 3833 2650 passus
3885 2584 4030 2651 est,

1192 2715 1259 2784 id
1311 2719 1530 2803 agente
1569 2716 1856 2800 inprimis
1901 2715 2061 2782 Ger.
2109 2710 2385 2778 Hooftio
2427 2759 2450 2794 ,
2531 2729 2838 2796 generoso
2884 2713 3108 2779 iuvene
3154 2727 3217 2780 et
3272 2715 3576 2780 Consulis
3636 2717 4029 2784 Amsteloda-

1188 2865 1421 2929 mensis
1465 2866 1594 2946 filio
1629 2915 1652 2947 ,
1725 2865 1907 2929 cuius
1953 2873 2184 2944 quanta
2227 2861 2421 2928 fuerit
2460 2862 2693 2928 laetitia
2740 2881 2914 2930 novo
2960 2863 3085 2930 hoc
3129 2864 3333 2932 sodali
3374 2865 3615 2933 adscito
3654 2867 3890 2950 optime
3924 2867 4033 2933 de-

1177 3015 1548 3081 ciaraverint
1589 3016 1654 3081 hi
1700 3033 1918 3082 versus
1954 3063 1980 3096 ,
2068 3015 2300 3098 quibus
2345 3031 2477 3078 eam
2524 3026 2809 3079 testatam
2854 3011 3153 3093 reliquitz

1439 3164 1693 3233 Gratia
1714 3215 1737 3248 ,
1780 3166 2020 3230 Phoebe
2043 3212 2066 3247 ,
2109 3164 2234 3229 tibi
2252 3211 2275 3246 ,
2321 3165 2488 3235 vobis
2531 3168 2617 3229 sit
2652 3167 2889 3249 gratia
2909 3208 2935 3244 ,
2980 3162 3237 3229 Musae.

1535 3312 1712 3407 'Iam
1757 3318 2004 3380 toties
2060 3317 2221 3381 ‘votis
2261 3314 2427 3379 hora
2461 3315 2671 3399 petita
2712 3316 2914 3380 venit.

1447 3462 1635 3530 Hora
1676 3469 1852 3547 venit:
1873 3510 1896 3545 ,
1942 3462 2115 3529 baris
2161 3424 2293 3548 qua}
2333 3480 2398 3525 se
2439 3464 2769 3545 coniungit
2827 3464 3049 3527 amicir
3078 3506 3107 3543 ,

1567 3614 1863 3680 Boscbius
1880 3660 1905 3695 ,
1949 3612 2226 3681 Ausonio
2265 3610 2489 3677 nobilis
2529 3612 2795 3699 eloquio·

1443 3740 1559 3827 illi
1599 3767 1732 3827 iam
1775 3760 2012 3827 dudum
2059 3760 2320 3825 Clariae
2359 3762 2660 3845 placuere
2701 3780 2969 3827 sorores.

1571 3908 1714 3977 Iam
1757 3908 1993 3977 dudum
2037 3908 2241 3974 Aonio
2280 3912 2567 3975 carmine
2608 3930 2825 3977 noman
2866 3911 3078 3977 habet·

1277 4059 1597 4129 Laudatae
1661 4058 1740 4124 ab
1816 4056 2092 4123 Hooftio
2157 4058 2224 4124 in
2297 4060 2502 4127 sodali
2554 4060 2735 4125 dotes
2788 4056 3180 4141 eloquentiae
3250 4056 3510 4127 Latinae
3559 4070 3623 4124 et
3694 4058 3963 4141 poEseos
3985 4103 4013 4139 ,

1187 4213 1307 4279 ets‘i
1357 4211 1478 4277 iam
1523 4225 1658 4277 tum
1683 4256 1706 4291 ,
1773 4222 1846 4273 ut
1894 4223 2190 4306 apparet,
2256 4208 2410 4274 satis
2488 4221 2661 4272 erant
2732 4220 2917 4273 notae
2964 4206 3418 4324 familiaribus,
3482 4208 3559 4273 ab
3612 4209 3734 4273 hoc
3806 4222 4012 4273 tamen

1147 4361 1332 4459 „ipso
1391 4376 1671 4443 tempore
1746 4358 1940 4442 magis
1999 4357 2180 4424 etiam
2251 4356 2543 4423 celebrari
2596 4370 2857 4441 coeptae
2916 4328 3067 4425 sunt
3126 4356 3191 4422 in
3268 4357 3501 4439 vulgus
3580 4354 3657 4421 iis
3717 4354 4009 4435 deinceps

1191 4513 1375 4577 editis
1427 4509 1773 4593 operibus,
1843 4506 2077 4589 quibus
2132 4509 2208 4574 acl
2265 4505 2553 4572 maiorem
2606 4507 2671 4571 in
2724 4507 2856 4573 dies
2910 4507 3245 4573 claritatem
3280 4508 3772 4585 ‚efflorescerenn
3848 4504 4011 4570 Mox
4114 4510 4124 4526 ·

1179 4660 1350 4727 -enim
1407 4658 1845 4741 proficiscente
1892 4656 1958 4723 in
2011 4657 2306 4739 Angliam
2363 4652 2685 4738 Hooftio,
2755 4674 3085 4722 noscfflus
3143 4655 3495 4739 Epistolam
3552 4657 3685 4723 sive
3730 4651 4007 4735 Elegiam

1179 4812 1262 4883 ad
1307 4826 1448 4876 eum
1498 4808 1690 4875 {uliae
1711 4854 1738 4890 ,
1817 4808 2062 4891 puellae
2115 4820 2346 4873 amatae
2369 4850 2393 4887 ,
2472 4803 2727 4873 nomine
2780 4801 3201 4907 conscripsit,
3260 4804 3411 4869 adeo
3466 4800 3631 4867 illam
3680 4798 4007 4867 affectibus

3916 4964 4005 5015 nu
