4750 6000
1343 597 3026 679 HIERONYMIDEBOSCH.
3398 618 3590 672 nvn

727 825 822 880 no
877 823 1194 876 mucce&
1222 852 1247 889 ,
1309 823 1446 876 non
1499 804 1624 874 nisi
1675 817 1864 874 notas
1916 804 1982 872 in
2020 803 2297 872 Primum
2353 816 2420 871 et
2454 803 2819 874 Secundum
2876 798 3303 882 Anthologiae
3347 796 3579 866 librum

729 955 1048 1028 continet.
1135 952 1448 1044 Quintum
1501 951 1796 1035 idemque
1845 963 2238 1034 postremum
2297 948 2597 1018 volumen
2616 995 2646 1034 ‚
2696 931 3171 1032 'complex-urum
3229 945 3385 1011 illud
3436 956 3577 1012 tum

733 1101 804 1168 in
859 1100 1141 1184 reliquos
1199 1097 1396 1166 libros
1445 1109 1630 1166 notas
1656 1140 1685 1179 ,
1741 1109 1879 1162 tum
1931 1091 2332 1178 compositos
2378 1093 2457 1160 ad
2512 1089 2731 1160 Grotii
2780 1107 3051 1162 mentem
3096 1088 3388 1172 indices,
3434 1089 3581 1164 ben·

723 1238 838 1319 tus
917 1265 1110 1316 senex
1180 1261 1422 1315 tantum
1492 1243 1806 1314 affectavit
1824 1288 1853 1327 ,
1919 1243 2096 1327 prelo
2161 1239 2397 1326 paratis
2472 1237 2667 1308 ferme
2726 1239 3039 1310 indicibus
3100 1253 3163 1306 et
3232 1253 3517 1308 notarum
3544 1281 3575 1322 ,

733 1399 910 1483 quod
965 1399 1042 1464 ad
1110 1415 1220 1466 sex
1267 1395 1507 1482 priores
1576 1391 1781 1462 Tertii
1835 1393 1978 1462 libri
2051 1393 2274 1462 titulos
2346 1393 2663 1462 ornandos
2732 1389 2991 1462 faceret.
3086 1390 3274 1462 Forte
3346 1387 3574 1458 desinit

729 1539 1214 1630 «autographum
1273 1544 1340 1612 in
1397 1542 1692 1612 citatione
1753 1536 2083 1609 Horatiani
2146 1539 2312 1610 loci=

1317 1688 1490 1778 ⁴Quis
1561 1691 1684 1752 fcit
1725 1732 1752 1770 ,
1815 1707 1904 1751 an
1965 1683 2285 1752 adiiciant
2349 1681 2694 1750 hodiernae
2762 1685 3063 1750 crastina
3118 1701 3400 1750 summae

1939 1833 2248 1921 Tempora
2307 1829 2410 1898 Di
2468 1835 2711 1922 superi.

815 1981 942 2050 Sed
992 1999 1122 2052 non
1177 2001 1248 2052 ea
1299 1984 1582 2056 scribens
1628 1986 1877 2054 demum
1937 1983 2238 2054 incertam
2295 2001 2629 2052 noscatus
2685 1983 2991 2052 humanae
3040 1981 3205 2050 vitae
3259 1975 3572 2049 conditio-

725 2149 873 2200 nem
933 2134 1142 2201 animo
1197 2134 1520 2203 volvebat.
1609 2132 1906 2201 Moverat
1955 2149 2030 2198 ea
2089 2127 2394 2215 cogitatio
2448 2129 2569 2196 iam
2618 2129 2857 2214 pridem
2906 2147 3049 2198 eum
3073 2175 3099 2213 ,
3160 2145 3233 2196 ut
3288 2147 3349 2198 et
3388 2147 3574 2212 saepe

731 2277 965 2345 diceret
1033 2281 1234 2360 mihi,
1291 2281 1628 2350 editionem
1696 2279 1900 2363 ipsius
1957 2277 2124 2350 forte
2185 2279 2370 2348 obitu
2423 2279 2882 2350 destituendam
2956 2298 3151 2348 meam
3212 2293 3406 2360 porro
3464 2287 3578 2336 eu·

730 2437 859 2486 ram
925 2430 1282 2503 exspectare
1304 2460 1331 2496 ,
1387 2428 1455 2479 et
1501 2419 1663 2478 idem
1718 2417 1842 2474 hoc
1901 2418 2104 2492 palam
2161 2433 2456 2479 testatum
2512 2420 2889 2500 relinqueret
2946 2417 3013 2483 in
3064 2415 3453 2484 Praefatione
3493 2413 3577 2478 ad

729 2577 1034 2647 quartum
1087 2557 1514 2643 Anthologiae
1557 2559 1858 2626 volumen
1907 2556 2062 2626 mihi
2120 2556 2449 2641 inscripta.
2516 2561 2712 2647 Quod
2762 2582 2907 2632 cum
2954 2561 3079 2630 fata
3128 2563 3220 2629 sic
3270 2561 3574 2643 tulerint,

729 2723 808 2776 ut
865 2727 1039 2776 mors
1103 2709 1306 2776 virum
1362 2721 1504 2775 ante
1557 2708 1913 2776 absolutam
1973 2707 2338 2776 Editionem
2410 2712 2741 2794 occuparit
2763 2760 2788 2797 ‚
2848 2731 3011 2798 ego,
3077 2712 3265 2778 simul
3313 2727 3387 2775 ae
3444 2724 3569 2776 tam

731 2853 986 2939 publica
1041 2869 1229 2934 quam
1275 2851 1364 2918 rei
1416 2851 1697 2948 librat-ipe
1755 2865 2037 2938 tempora
2089 2853 2216 2920 hoc
2265 2853 2551 2922 siverunt
2570 2901 2595 2938 ,
2638 2855 2732 2924 nii
2788 2871 3120 2924 cunctatus
3180 2875 3318 2924 sum
3344 2901 3369 2940 ,
3416 2857 3571 2939 quin

725 3000 1128 3069 commissam
1183 2994 1335 3062 mihi
1389 2996 1781 3080 provinciam
1831 3015 2088 3070 strenue
2133 3004 2539 3086 susciperem.
2634 3003 3197 3091 Quintum‘igitur
3253 3003 3573 3073 Antholo·

727 3155 868 3235 giae
914 3154 1210 3221 volumen
1259 3150 1380 3219 iam
1439 3150 1760 3221 biennium
1813 3156 2056 3238 prelum
2106 3153 2541 3225 Altherianum
2590 3172 2864 3225 exercet.
2936 3157 3189 3225 Scilicet
3242 3152 3395 3221 mihi
3437 3170 3573 3223 non

731 3310 858 3363 tam
930 3295 1155 3365 virium
1216 3300 1488 3365 mearum
1561 3298 1838 3367 habenda
1893 3300 2052 3369 ratio
2119 3316 2296 3386 erat,
2360 3322 2549 3387 quam
2621 3304 2963 3374 voluntatis
3026 3304 3145 3373 viti
3208 3302 3437 3390 optimi
3496 3304 3575 3371 de

729 3461 832 3509 me
893 3444 1120 3511 meriti.

817 3592 1128 3671 Quamvis
1195 3610 1398 3665 autem
1459 3616 1648 3669 senex
1701 3618 2036 3669 noscmus
2091 3588 2356 3668 maxime
2410 3614 2575 3669 esset
2620 3602 3153 3682 libentissimeque
3196 3600 3359 3668 circa
3410 3601 3576 3667 iliam

733 3726 1158 3811 Anthologiae
1226 3710 1592 3795 &ditionem
1663 3726 2014 3813 occupatus
2055 3776 2079 3813 ,
2157 3740 2319 3797 idem
2385 3746 2589 3802 tamen
2662 3734 2827 3803 haud
2896 3756 3034 3805 raro
3066 3786 3093 3822 ,
3160 3741 3293 3807 sive
3346 3754 3573 3823 sponte

730 3894 847 3943 sua
900 3872 1034 3939 sive
1087 3884 1388 3953 rogatus,
1451 3868 1528 3935 ad
1581 3864 1750 3935 aliud
1809 3886 1877 3934 se
1929 3868 2163 3948 laboris
2222 3890 2421 3956 genus
2449 3915 2472 3951 ‚
2538 3876 2729 3943 modo
2788 3877 3035 3944 liberale
3089 3893 3152 3946 et
3208 3880 3565 3962 literatum,

727 4016 1117 4089 conferebat.
1204 4016 1298 4083 Ita
1342 4034 1508 4083 anno
1561 4036 1889 4102 tuneo-ct,
1955 4038 2104 4089 cum
2156 4042 2192 4088 a
2248 4018 2605 4107 Teyieriani
2662 4026 2935 4094 instituti
2990 4029 3407 4097 curatoribus
3454 4052 3577 4117 po.

725 4165 852 4233 sita
905 4176 1071 4232 esset
1131 4163 1209 4229 ad
1285 4162 1620 4229 literarium
1692 4178 2002 4233 certamen
2080 4167 2421 4250 quaestio,
2484 4187 2702 4251 quae
2774 4168 3119 4237 fuisset
3178 4171 3319 4237 vis
3382 4173 3571 4254 poe·-

729 4326 935 4376 seos
992 4306 1090 4372 ad
1141 4306 1782 4389 expoliendum
1833 4308 2290 4377 humanum
2349 4309 2799 4395 ingenium
2862 4316 3391 4397 praesertim
3447 4335 3571 4385 an·

733 4457 1305 4543 tiquissimis
1377 4460 1824 4543 saeculis,
1884 4478 2220 4529 noscatus
2279 4480 2399 4528 suo
2454 4461 2531 4527 ad
2590 4480 2723 4527 eam
2776 4464 3201 4546 quaestionem
3258 4478 3565 4545 responso

731 4624 976 4678 tantum
1033 4627 1165 4677 non
1218 4609 1466 4677 dubiam
1525 4611 1792 4695 palmam
1847 4608 1998 4680 fecit
2059 4608 2539 4693 Tiedemanno‚
2605 4610 3029 4679 versatissimo
3089 4613 3155 4678 in
3182 4600 3381 4677 'hisce
3433 4607 3574 4675 lite·

729 4755 822 4822 ris
885 4754 1296 4845 philosopho.
1387 4757 1583 4825 Anno
1645 4773 1848 4829 autem
1915 4772 2150 4828 octavo
2227 4755 2420 4825 huius
2481 4752 2712 4826 saeculi
2787 4755 2927 4823 Rex
3000 4753 3353 4823 Hollandici
3420 4765 3555 4819 tum
3660 4802 3667 4809 .

2000 4900 2211 4947 *tt*
2259 4922 2298 4967 2
3435 4920 3572 4986 reg.
