4750 6000
1359 523 1445 610 96
1780 521 1870 590 L.
1911 542 1983 604 4.
2020 521 2108 592 Τ.
2160 542 2264 593 12.
2302 521 2436 605 Ep.
2481 541 2599 604 119
2637 539 2700 591 et
2739 481 2916 604 seqq.
2964 519 3055 590 Τ.
3096 541 3194 607 13.
3245 523 3372 608 Ep.
3407 543 3444 588 2
3471 567 3494 602 ‚
3542 542 3609 604 4.

1454 695 1583 777 Ep.
1640 711 1785 778 119.
1832 711 1898 758 v.
1958 710 2015 756 1.
2064 695 2314 778 amm.
2359 688 2486 754 Pan
2527 704 2588 754 et
2625 692 2844 771 δίκερως
2881 706 2943 756 et
2975 693 3242 774 δίκρκιρος
3277 691 3531 760 dicitur.
3575 689 3730 756 vid.
3767 688 3923 758 Lib.
3965 683 4090 758 6.·”κ

1372 810 1458 878 Τ.
1504 833 1608 892 24.
1650 810 1781 892 Ep.
1833 827 1892 872 1·
1936 805 2231 872 d’Orvill.
2278 807 2354 871 ad
2393 807 2724 872 Chariton·
2767 825 2837 889 p.
2876 810 3028 890 614.

1450 927 1581 1008 Ep.
1640 943 1784 988 120.
1834 923 1942 987 Br.
2004 941 2074 988 v.
2130 941 2189 985 1.
2239 900 2568 988 εὕει-ἐ’ταλον
2628 935 2841 1004 recte,
2893 937 2954 989 et
2995 921 3078 990 fic
3119 922 3289 990 Edd.
3333 920 3602 989 Priscae.
3695 944 3764 990 v.
3815 942 3879 1007 5.
3923 927 4034 992 Br.

1361 1047 1625 1117 κλοπιμη
1676 1052 1739 1103 et
1794 1055 1861 1105 v.
1919 1040 1986 1103 6.
2037 1035 2325 1120 Ὀζαλέην
2388 1035 2647 1118 βάκτρου
2685 1040 2850 1106 τοῦδε
2889 1041 3263 1122 καρηβαρίην.
3353 1037 3523 1104 Mihi
3582 1037 3861 1122 suspecta
3912 1059 4040 1108 vox

1351 1154 1679 1234 Ὀζαλὲην.

1446 1267 1573 1344 Ep.
1627 1285 1773 1330 121.
1820 1261 1985 1326 Vide
2034 1259 2293 1345 Junium
2352 1264 2430 1328 de
2480 1260 2729 1327 Pictura
2777 1261 2926 1326 Vet.
2983 1279 3054 1343 p.
3101 1277 3208 1345 57.
3252 1263 3435 1333 Parte
3479 1286 3544 1332 2.
3635 1285 3704 1330 V.
3753 1285 3817 1350 3.
3865 1267 4036 1333 Male

1352 1381 1584 1468 Junius
1619 1397 1763 1445 cum
1806 1376 2211 1442 Weeheliana
2250 1382 2315 1446 ἐκ
2371 1377 2436 1444 δέ
2484 1399 2561 1456 γε
2620 1379 2802 1459 πέρας
2845 1397 2963 1459 pro
3017 1379 3258 1463 πέτρας.
3308 1379 3418 1446 Br.
3461 1381 3525 1448 1ae
3583 1384 3646 1450 δέ
3701 1406 3778 1462 γε
3839 1387 4038 1459 κοίλας

1362 1499 1538 1563 nulla
1582 1493 1822 1560 ratione
1866 1491 2125 1560 reddita.
2970 1580 2984 1588 Α

1444 1616 1575 1692 Ep.
1632 1630 1781 1694 124.
1831 1608 1939 1673 Br.
1988 1609 2231 1676 Ei'mro.
2272 1607 2612 1690 Vulgatam
2659 1622 2874 1674 tuetur
2915 1603 3212 1677 Grotius.

1448 1733 1579 1813 Ep.
1634 1743 1785 1810 125.
1831 1723 1983 1787 Vid.
2032 1719 2296 1806 Junium
2349 1725 2426 1788 de
2480 1724 2736 1790 Pictura
2798 1725 2949 1791 Vet.
3011 1746 3080 1808 p.
3128 1729 3272 1791 181.
3319 1723 3496 1792 Parte
3527 1749 3592 1794 2.
3645 1728 3711 1795 in
3745 1729 4034 1796 Vetustis

1367 1842 1539 1909 Edd.
1596 1844 1822 1924 legitur
1876 1839 1999 1904 hoc
2034 1837 2165 1921 Ep.
2222 1853 2373 1920 post
2421 1857 2568 1904 120.
2655 1858 2728 1908 ν.
2779 1861 2842 1924 3.
2889 1845 3180 1918 Aristera.
3222 1841 3386 1906 Vide
3419 1845 3496 1908 de
3537 1845 3648 1909 hac
3689 1865 3846 1911 voce
3879 1847 4032 1911 VV.

1367 1945 1519 2026 DD.
1588 1959 1665 2023 ad
1726 1955 2183 2021 Anacreonteum
2262 1972 2331 2021 v.
2401 1972 2557 2035 417.
2621 1975 2690 2038 p.
2749 1976 2858 2040 91.
2921 1957 3051 2024 Ed.
3107 1956 3373 2024 Bamefii
3429 1973 3490 2024 et
3561 1961 3904 2028 Brodaeum
3961 1965 4038 2028 ad

1368 2073 1526 2140 Lib.
1572 2071 1689 2137 VI.
1728 2091 1799 2154 p.
1854 2086 2015 2154 551.
2056 2067 2333 2149 λυχνίτηυ
2371 2069 2475 2133 alii
2521 2069 2786 2149 lapidem
2819 2075 3136 2154 appellant
3175 2073 3364 2157 (vid.
3407 2076 3572 2142 Plin.
3618 2075 3709 2141 H.
3752 2075 3844 2141 N.
3878 2075 4034 2145 Lib.
4139 2139 4144 2146 .

1374 2191 1481 2270 36.
1544 2207 1604 2255 c.
1666 2204 1730 2269 5.
1792 2203 1855 2252 et
1903 2186 2054 2253 Lib·
2095 2203 2201 2268 37.
2238 2201 2299 2247 c.
2341 2183 2488 2266 30.)
2536 2185 2648 2265 qui
2692 2205 2772 2252 an
2815 2187 2978 2254 idem
3026 2188 3147 2271 fit,
3193 2189 3499 2273 disputari
3543 2203 3785 2274 potest.
3835 2190 4041 2259 Conf.

1371 2300 1523 2368 Lib.
1573 2306 1641 2370 6.
1691 2302 1826 2371 Tit.
1878 2326 1947 2386 4.
1993 2301 2123 2384 Ep.
2171 2319 2239 2378 4.
2285 2295 2440 2362 Lib.
2491 2316 2557 2377 7.
2605 2298 2736 2381 Ep.
2788 2322 2895 2367 22.
2943 2305 3072 2386 Ep.
3132 2308 3276 2386 178.
3324 2321 3386 2370 et
3427 2303 3557 2386 Ep.
3609 2326 3758 2370 202.

1460 2417 1595 2499 Ep.
1652 2421 1799 2484 126.
1846 2420 1998 2486 Vid.
2045 2417 2155 2486 El.
2201 2413 2477 2479 Vinctus
2521 2415 2598 2480 ad
2640 2415 2994 2484 Ausonium
3039 2419 3166 2501 Ep.
3223 2439 3328 2503 19.

1459 2533 1590 2616 Ep.
1646 2537 1797 2599 128.
1854 2553 1922 2599 v.
1984 2553 2047 2596 2.
2110 2525 2351 2594 Vitiosa
2411 2530 2603 2596 lectio
2659 2537 2869 2614 xpa'vxec
2925 2552 2960 2598 e
3019 2534 3326 2616 Stephani
3367 2535 3668 2604 Editione
3711 2552 3849 2604 orta
3893 2539 4038 2605 hinc

1374 2647 1525 2714 alias
1566 2648 1929 2729 occupavit.
1977 2648 2101 2715 Est
2137 2644 2319 2711 etiam
2360 2642 2430 2711 in
2463 2642 2632 2716 Hist.
2677 2644 2846 2730 Byz.
2883 2649 3118 2732 script.
3156 2650 3310 2720 Vol.
3355 2670 3461 2734 29.
3489 2651 3672 2718 Parte
3711 2674 3772 2739 3.
3799 2674 3866 2739 p.
3892 2673 4039 2722 122.

1377 2761 1486 2832 ΒΓ.
1534 2780 1698 2830 recte
1740 2768 1989 2848 κρήναις.
2128 2781 2135 2788 ·

1463 2883 1598 2966 Ep.
1655 2899 1803 2962 129.
1868 2896 2017 2960 130.
2078 2873 2250 2942 Haec
2294 2877 2426 2943 duo
2470 2873 2938 2960 Epigrammata
2981 2876 3048 2944 in
3095 2893 3290 2972 unum
3335 2881 3649 2948 contraxit
3691 2880 4045 2948 Brunckius

1382 2996 1472 3063 T.
1526 3019 1585 3080 3.
1636 3019 1703 3081 p.
1755 2995 1909 3062 206.
1956 3008 2015 3058 et
2068 2991 2191 3058 alio
2243 2993 2464 3060 ordine
2517 2991 2664 3060 usus
2711 3009 2830 3059 est.
2879 2993 3011 3076 Ep.
3056 3014 3202 3077 129.
3290 3015 3358 3061 v.
3408 3018 3468 3063 1.
3509 2997 3618 3063 Br.
3655 3002 4052 3067 aeaevvrsvoba.

1378 3114 1587 3180 Huet.
1634 3112 2033 3179 ταλαπενθέα.
2120 3112 2189 3175 v'.
2240 3132 2303 3177 2.
2353 3110 2462 3175 ΒΥ.
2507 3110 2918 3180 distansia-c.
3005 3128 3074 3175 v.
3124 3124 3188 3190 5.
3239 3106 3347 3175 Br-
3387 3114 3647 3194 ὀλέθριον.
3691 3108 3844 3175 Vid.
3863 3109 4048 3173 Wet-

1382 3227 1538 3294 sten.
1586 3202 1663 3289 ad
1702 3218 1795 3283 N.
1843 3218 1931 3284 T.
1984 3222 2139 3286 Vol.
2184 3246 2249 3289 2.
2308 3247 2375 3306 p.
2413 3227 2568 3307 486.
2611 3227 2741 3306 Ep.
2790 3241 2936 3307 130.
2983 3242 3050 3289 v.
3101 3243 3167 3306 3.
3203 3225 3312 3293 Bt.
3342 3236 3517 3301 κεῖνος
3555 3224 3764 3309 βάρος.
3854 3242 3922 3288 v.
3974 3234 4041 3303 5.

1376 3345 1552 3413 Edd.
1596 3336 1843 3405 Priscae
1886 3340 2139 3414 σεσηρὸς·
2180 3336 2429 3403 Primus
2472 3338 2828 3419 Stephanus
2861 3340 3128 3419 σεσηρὼς.
4079 3368 4084 3371 ·

1464 3460 1599 3541 Ep.
1654 3468 1801 3533 131.
1846 3447 2055 3514 Primo
2114 3451 2347 3517 editum
2393 3452 2462 3517 in
2501 3451 2733 3517 Aldina
2779 3453 2882 3519 Pr.
2929 3454 3276 3521 Emendata
3316 3451 3463 3519 inde
3505 3450 3772 3517 venitin
3813 3449 4050 3515 Secun-

1381 3578 1549 3645 dam.
1640 3568 1715 3633 In
1756 3558 2057 3634 omnibus
2092 3566 2259 3631 Edd.
2307 3566 2522 3633 versus
2560 3567 2626 3631 6.
2661 3564 2898 3635 deficit.
2990 3572 3064 3641 In
3093 3588 3158 3637 v.
3195 3590 3260 3653 7.
3297 3572 3407 3639 Br.
3446 3571 3787 3655 aeuapdomv,
3810 3567 3956 3631 inv.
3980 3570 4044 3631 8.

1380 3694 1505 3759 οὐδὲ
1543 3694 1715 3754 τόπον
1734 3722 1757 3754 ‚
1805 3684 2035 3758 auxta,
2080 3692 2195 3751 σεῖο
2232 3686 2420 3750 λιπὼν
2453 3682 2699 3759 eduam·
3691 3762 3698 3771 ·

1470 3798 1606 3879 Ep.
1655 3814 1805 3872 132.
1862 3792 2006 3858 Hoc
2058 3796 2461 3885 Epigramma
2544 3792 2708 3857 inter
2782 3772 3012 3861 inedita
3077 3796 3246 3862 dedit
3314 3790 3560 3879 Jenfius
3619 3811 3685 3875 Ρ.
3740 3806 3892 3875 353.
3939 3792 4051 3857 ubi

1389 3916 1585 3986 multa
1644 3920 1790 3971 cum
1850 3900 2141 3967 varietate
2183 3890 2805 3973 ‘lecum-imiam-
2830 3930 2951 3979 uv.
3008 3930 3066 3983 1,
3116 3910 3218 3977 Br.
3261 3914 3581 3979 htsshem·
3705 3920 3771 3966 V·
3824 3924 3887 3985 3·
3935 3906 4044 3971 ΒΓ.

1377 4003 1665 4105 ·Ως’ἅγε
1704 4030 1771 4081 et
1811 4020 2045 4097 τινές-ῃ.
2134 4034 2204 4080 v.
2248 4016 2327 4097 4.
2364 4012 2515 4078 Ald.
2562 4010 2667 4076 Pr.
2715 4010 2867 4077 Em.
2909 4016 3104 4097 τυχών
3147 4013 3254 4079 Br.
3301 4016 3482 4092 κύριός
3517 4018 3602 4085 ece
3641 4020 3885 4099 Τύχων.

1384 4100 1395 4117 ⁸
1474 4143 1609 4225 Ep.
1663 4152 1809 4219 133.
1854 4128 1964 4195 Br.
2011 4132 2408 4202 Μικκαλίωνος
2451 4139 2516 4190 et
2559 4124 2642 4192 fic
2675 4124 2946 4194 Grdtius
2985 4127 3048 4193 in
3087 4126 3234 4195 MS·
3333 4148 3400 4195 v.
3450 4150 3515 4195 2.
3573 4128 3684 4197 Bt.
3731 4128 3912 4201 Ἀλλ’
3959 4132 4042 4200 ns

1390 4262 1583 4340 ,ὄχ’
1621 4258 1805 4334 Ἐρμῇ
1824 4292 1849 4328 ,
1892 4248 2154 4328 κρήγυον.
2242 4262 2308 4307 v.
2356 4262 2422 4325 3.
2458 4240 2566 4310 Bt.
2597 4246 2669 4319 ὥς
2708 4238 2822 4311 ἀπ’
2863 4243 3095 4329 δῖζυρῆς.
3139 4242 3372 4310 Ibidem
3409 4248 3486 4312 ad
3520 4245 3686 4315 Cod.
3719 4244 3903 4350 Leid.
3947 4248 4052 4316 aa·
4191 4319 4194 4328 Ι

1388 4380 1703 4465 ροδοτῆσαι·
2042 4353 2049 4359 ’

1478 4484 1627 4553 Tit.
1676 4494 1782 4559 13.
1828 4472 1959 4557 Ep.
2010 4492 2081 4541 2.
2120 4474 2335 4540 Παιὰν·
2380 4471 2546 4539 Vide
2584 4488 2745 4555 quae
2778 4470 3138 4539 notavimus
3169 4468 3320 4539 Lib.
3355 4490 3416 4538 1.
3441 4470 3579 4540 Tit.
3611 4489 3715 4555 39.
3736 4471 3868 4556 ΕΡ.
3890 4485 3954 4553 5.
3980 4472 4048 4536 6.

1464 4604 1616 4683 Ep.
1662 4616 1732 4677 4.
1791 4588 1966 4655 Citat
2017 4586 2434 4672 Cannegieter
2484 4590 2564 4656 ad
2619 4586 2936 4656 Avianum
2985 4603 3057 4667 p.
3119 4602 3227 4667 51.
3315 4606 3382 4655 v.
3431 4610 3495 4656 2.
3555 4590 3664 4658 Br.
3709 4590 3950 4675 δέχνυτο
3987 4602 4054 4655 et

1396 4718 1481 4790 fic
1522 4713 1692 4785 Edd.
1741 4704 1915 4773 Vett-

3919 4816 4052 4898 Ep.
