<?xml version="1.0" encoding="UTF-8"?>
<!DOCTYPE html PUBLIC "-//W3C//DTD XHTML 1.0 Transitional//EN"
    "http://www.w3.org/TR/xhtml1/DTD/xhtml1-transitional.dtd">
<html xmlns="http://www.w3.org/1999/xhtml" xml:lang="en" lang="en">
 <head>
  <title>
</title>
<meta http-equiv="Content-Type" content="text/html;charset=utf-8" />
  <meta name='ocr-system' content='tesseract 3.04.00' />
  <meta name='ocr-capabilities' content='ocr_page ocr_carea ocr_par ocr_line ocrx_word'/>
</head>
<body>
  <div class='ocr_page' id='page_1' title='image "./anthologiagraec03saumgoog/anthologiagraec03saumgoog_0045.png"; bbox 0 0 4750 6000; ppageno 0'>
   <div class='ocr_carea' id='block_1_1' title="bbox 1147 525 3597 664">
    <p class='ocr_par' dir='ltr' id='par_1_1' title="bbox 1147 525 3597 664">
     <span class='ocr_line' id='line_1_1' title="bbox 1147 525 3597 664; baseline -0.002 -16"><span class='ocrx_word' id='word_1_1' title='bbox 1147 525 1330 659; x_wconf 51' lang='grc' dir='ltr'><strong>,αξη</strong></span> <span class='ocrx_word' id='word_1_2' title='bbox 1423 652 1442 664; x_wconf 68' lang='lat'>‚</span> <span class='ocrx_word' id='word_1_3' title='bbox 1521 570 2120 646; x_wconf 65' lang='lat' dir='ltr'><strong>LAUDA‘HO</strong></span> <span class='ocrx_word' id='word_1_4' title='bbox 2210 569 2888 643; x_wconf 69' lang='grc' dir='ltr'>ΗῙΕῙωΝΥΜῙ</span> <span class='ocrx_word' id='word_1_5' title='bbox 2952 569 3114 642; x_wconf 72' lang='lat' dir='ltr'><strong>DE</strong></span> <span class='ocrx_word' id='word_1_6' title='bbox 3176 561 3597 643; x_wconf 70' lang='lat' dir='ltr'><strong>nosen.</strong></span> 
     </span>
    </p>
   </div>
   <div class='ocr_carea' id='block_1_2' title="bbox 1096 773 4055 3484">
    <p class='ocr_par' dir='ltr' id='par_1_2' title="bbox 1096 773 4055 3484">
     <span class='ocr_line' id='line_1_2' title="bbox 1154 773 3985 863; baseline -0.001 -17"><span class='ocrx_word' id='word_1_7' title='bbox 1154 787 1372 848; x_wconf 69' lang='lat' dir='ltr'><strong>ebrum</strong></span> <span class='ocrx_word' id='word_1_8' title='bbox 1423 773 1990 863; x_wconf 63' lang='lat' dir='ltr'><strong>trigamflooftii,</strong></span> <span class='ocrx_word' id='word_1_9' title='bbox 2036 796 2366 860; x_wconf 73' lang='lat' dir='ltr'><strong>noscHn,</strong></span> <span class='ocrx_word' id='word_1_10' title='bbox 2427 775 2717 858; x_wconf 87' lang='lat' dir='ltr'><strong>tertiique</strong></span> <span class='ocrx_word' id='word_1_11' title='bbox 2766 774 3041 858; x_wconf 84' lang='lat' dir='ltr'><strong>parentis</strong></span> <span class='ocrx_word' id='word_1_12' title='bbox 3086 774 3233 842; x_wconf 83' lang='lat' dir='ltr'><strong>mei.</strong></span> <span class='ocrx_word' id='word_1_13' title='bbox 3322 774 3722 857; x_wconf 81' lang='lat' dir='ltr'><strong>Meministi,</strong></span> <span class='ocrx_word' id='word_1_14' title='bbox 3786 793 3985 858; x_wconf 71' lang='lat' dir='ltr'><strong>quen·</strong></span> 
     </span>
     <span class='ocr_line' id='line_1_3' title="bbox 1153 896 3983 1006; baseline -0 -12"><span class='ocrx_word' id='word_1_15' title='bbox 1153 942 1288 994; x_wconf 68' lang='lat' dir='ltr'><strong>rum</strong></span> <span class='ocrx_word' id='word_1_16' title='bbox 1337 921 1529 992; x_wconf 80' lang='lat' dir='ltr'><strong>fuerit</strong></span> <span class='ocrx_word' id='word_1_17' title='bbox 1575 923 1754 990; x_wconf 82' lang='lat' dir='ltr'><strong>etiam</strong></span> <span class='ocrx_word' id='word_1_18' title='bbox 1811 922 1876 988; x_wconf 79' lang='lat' dir='ltr'><strong>in</strong></span> <span class='ocrx_word' id='word_1_19' title='bbox 1923 896 2072 988; x_wconf 50' lang='lat' dir='ltr'><strong>hocs</strong></span> <span class='ocrx_word' id='word_1_20' title='bbox 2094 921 2430 1003; x_wconf 85' lang='lat' dir='ltr'><strong>candoris,</strong></span> <span class='ocrx_word' id='word_1_21' title='bbox 2479 936 2549 988; x_wconf 90' lang='lat' dir='ltr'><strong>ut</strong></span> <span class='ocrx_word' id='word_1_22' title='bbox 2596 922 2713 988; x_wconf 80' lang='lat' dir='ltr'><strong>hac</strong></span> <span class='ocrx_word' id='word_1_23' title='bbox 2758 937 2932 1005; x_wconf 84' lang='lat' dir='ltr'><strong>parte</strong></span> <span class='ocrx_word' id='word_1_24' title='bbox 2986 920 3199 988; x_wconf 83' lang='lat' dir='ltr'><strong>fuerit⁴</strong></span> <span class='ocrx_word' id='word_1_25' title='bbox 3227 941 3387 1006; x_wconf 82' lang='lat' dir='ltr'><strong>pene</strong></span> <span class='ocrx_word' id='word_1_26' title='bbox 3424 924 3581 990; x_wconf 76' lang='lat' dir='ltr'><strong>alter</strong></span> <span class='ocrx_word' id='word_1_27' title='bbox 3626 937 3983 994; x_wconf 72' lang='lat' dir='ltr'><strong>noscmus.</strong></span> 
     </span>
     <span class='ocr_line' id='line_1_4' title="bbox 1150 1067 3983 1180; baseline -0.002 -37"><span class='ocrx_word' id='word_1_28' title='bbox 1150 1071 1278 1143; x_wconf 82' lang='lat' dir='ltr'><strong>lam</strong></span> <span class='ocrx_word' id='word_1_29' title='bbox 1333 1086 1393 1137; x_wconf 87' lang='lat' dir='ltr'><strong>et</strong></span> <span class='ocrx_word' id='word_1_30' title='bbox 1445 1070 1634 1140; x_wconf 78' lang='lat' dir='ltr'><strong>nobis</strong></span> <span class='ocrx_word' id='word_1_31' title='bbox 1685 1069 1788 1136; x_wconf 77' lang='lat' dir='ltr'><strong>ifle</strong></span> <span class='ocrx_word' id='word_1_32' title='bbox 1843 1067 2052 1180; x_wconf 63' lang='lat' dir='ltr'><strong>benus</strong></span> <span class='ocrx_word' id='word_1_33' title='bbox 2106 1069 2376 1154; x_wconf 81' lang='lat' dir='ltr'><strong>occidit3</strong></span> <span class='ocrx_word' id='word_1_34' title='bbox 2444 1069 2563 1136; x_wconf 83' lang='lat' dir='ltr'><strong>iam</strong></span> <span class='ocrx_word' id='word_1_35' title='bbox 2620 1071 2697 1136; x_wconf 89' lang='lat' dir='ltr'><strong>de</strong></span> <span class='ocrx_word' id='word_1_36' title='bbox 2750 1071 2909 1154; x_wconf 76' lang='lat' dir='ltr'><strong>triga</strong></span> <span class='ocrx_word' id='word_1_37' title='bbox 2966 1070 3068 1136; x_wconf 83' lang='lat' dir='ltr'><strong>illa</strong></span> <span class='ocrx_word' id='word_1_38' title='bbox 3120 1088 3407 1154; x_wconf 46' lang='lat' dir='ltr'><strong>superes,</strong></span> <span class='ocrx_word' id='word_1_39' title='bbox 3438 1085 3507 1136; x_wconf 91' lang='lat' dir='ltr'><strong>tu</strong></span> <span class='ocrx_word' id='word_1_40' title='bbox 3564 1073 3775 1138; x_wconf 75' lang='lat' dir='ltr'><strong>solus.-</strong></span> <span class='ocrx_word' id='word_1_41' title='bbox 3856 1071 3983 1138; x_wconf 79' lang='lat' dir='ltr'><strong>lam</strong></span> 
     </span>
     <span class='ocr_line' id='line_1_5' title="bbox 1153 1213 3986 1326; baseline 0 -42"><span class='ocrx_word' id='word_1_42' title='bbox 1153 1233 1214 1284; x_wconf 88' lang='lat' dir='ltr'><strong>et</strong></span> <span class='ocrx_word' id='word_1_43' title='bbox 1275 1219 1390 1285; x_wconf 75' lang='lat' dir='ltr'><strong>alia</strong></span> <span class='ocrx_word' id='word_1_44' title='bbox 1427 1214 1611 1284; x_wconf 85' lang='lat' dir='ltr'><strong>&#39;mihi</strong></span> <span class='ocrx_word' id='word_1_45' title='bbox 1683 1213 2028 1280; x_wconf 85' lang='lat' dir='ltr'><strong>domestica</strong></span> <span class='ocrx_word' id='word_1_46' title='bbox 2101 1215 2358 1281; x_wconf 76' lang='lat' dir='ltr'><strong>vulnera</strong></span> <span class='ocrx_word' id='word_1_47' title='bbox 2418 1216 2663 1326; x_wconf 73' lang='lat' dir='ltr'><strong>inflicta⁸</strong></span> <span class='ocrx_word' id='word_1_48' title='bbox 2724 1223 2903 1284; x_wconf 79' lang='lat' dir='ltr'><strong>sunt.</strong></span> <span class='ocrx_word' id='word_1_49' title='bbox 2988 1216 3217 1299; x_wconf 82' lang='lat' dir='ltr'>Neque</span> <span class='ocrx_word' id='word_1_50' title='bbox 3288 1233 3495 1284; x_wconf 82' lang='lat' dir='ltr'><strong>tamen</strong></span> <span class='ocrx_word' id='word_1_51' title='bbox 3556 1220 3837 1284; x_wconf 70' lang='lat' dir='ltr'><strong>animum</strong></span> <span class='ocrx_word' id='word_1_52' title='bbox 3908 1217 3986 1284; x_wconf 85' lang='lat' dir='ltr'><strong>ad</strong></span> 
     </span>
     <span class='ocr_line' id='line_1_6' title="bbox 1150 1335 3990 1446; baseline -0.001 -16"><span class='ocrx_word' id='word_1_53' title='bbox 1150 1383 1491 1431; x_wconf 86' lang='lat' dir='ltr'><strong>moerorem</strong></span> <span class='ocrx_word' id='word_1_54' title='bbox 1561 1380 1683 1430; x_wconf 84' lang='lat' dir='ltr'><strong>nos</strong></span> <span class='ocrx_word' id='word_1_55' title='bbox 1749 1352 2058 1440; x_wconf 83' lang='lat' dir='ltr'><strong>abiicere,</strong></span> <span class='ocrx_word' id='word_1_56' title='bbox 2125 1358 2236 1423; x_wconf 84' lang='lat' dir='ltr'><strong>sed</strong></span> <span class='ocrx_word' id='word_1_57' title='bbox 2297 1361 2667 1430; x_wconf 74' lang='lat' dir='ltr'><strong>confirmare</strong></span> <span class='ocrx_word' id='word_1_58' title='bbox 2728 1375 2919 1444; x_wconf 84' lang='lat' dir='ltr'><strong>atque</strong></span> <span class='ocrx_word' id='word_1_59' title='bbox 2982 1363 3211 1446; x_wconf 84' lang='lat' dir='ltr'><strong>erigere</strong></span> <span class='ocrx_word' id='word_1_60' title='bbox 3272 1335 3427 1427; x_wconf 67' lang='lat' dir='ltr'><strong>eum⁸</strong></span> <span class='ocrx_word' id='word_1_61' title='bbox 3474 1364 3651 1428; x_wconf 85' lang='lat' dir='ltr'><strong>decet</strong></span> <span class='ocrx_word' id='word_1_62' title='bbox 3718 1361 3990 1428; x_wconf 82' lang='lat' dir='ltr'><strong>melioris</strong></span> 
     </span>
     <span class='ocr_line' id='line_1_7' title="bbox 1145 1503 3990 1590; baseline -0 -17"><span class='ocrx_word' id='word_1_63' title='bbox 1145 1527 1258 1590; x_wconf 86' lang='lat' dir='ltr'><strong>spe</strong></span> <span class='ocrx_word' id='word_1_64' title='bbox 1323 1507 1533 1588; x_wconf 83' lang='lat' dir='ltr'><strong>vitae,</strong></span> <span class='ocrx_word' id='word_1_65' title='bbox 1597 1522 1756 1588; x_wconf 81' lang='lat' dir='ltr'><strong>quae</strong></span> <span class='ocrx_word' id='word_1_66' title='bbox 1814 1521 1878 1572; x_wconf 89' lang='lat' dir='ltr'><strong>et</strong></span> <span class='ocrx_word' id='word_1_67' title='bbox 1951 1525 2072 1574; x_wconf 88' lang='lat' dir='ltr'><strong>nos</strong></span> <span class='ocrx_word' id='word_1_68' title='bbox 2145 1507 2362 1574; x_wconf 83' lang='lat' dir='ltr'><strong>amicis</strong></span> <span class='ocrx_word' id='word_1_69' title='bbox 2422 1509 2637 1574; x_wconf 86' lang='lat' dir='ltr'>reddet</span> <span class='ocrx_word' id='word_1_70' title='bbox 2692 1521 2755 1572; x_wconf 89' lang='lat' dir='ltr'><strong>et</strong></span> <span class='ocrx_word' id='word_1_71' title='bbox 2818 1507 3053 1574; x_wconf 83' lang='lat' dir='ltr'><strong>amieos</strong></span> <span class='ocrx_word' id='word_1_72' title='bbox 3110 1505 3323 1576; x_wconf 83' lang='lat' dir='ltr'><strong>nobis.</strong></span> <span class='ocrx_word' id='word_1_73' title='bbox 3418 1503 3551 1572; x_wconf 81' lang='lat' dir='ltr'><strong>Hac</strong></span> <span class='ocrx_word' id='word_1_74' title='bbox 3623 1526 3734 1589; x_wconf 86' lang='lat' dir='ltr'><strong>spe</strong></span> <span class='ocrx_word' id='word_1_75' title='bbox 3788 1505 3990 1572; x_wconf 80' lang='lat' dir='ltr'><strong>fretus</strong></span> 
     </span>
     <span class='ocr_line' id='line_1_8' title="bbox 1143 1627 4055 1735; baseline 0 -18"><span class='ocrx_word' id='word_1_76' title='bbox 1143 1667 1520 1730; x_wconf 57' lang='lat' dir='ltr'><strong>nossentne,</strong></span> <span class='ocrx_word' id='word_1_77' title='bbox 1587 1652 1801 1718; x_wconf 81' lang='lat' dir='ltr'><strong>multis</strong></span> <span class='ocrx_word' id='word_1_78' title='bbox 1868 1653 1974 1718; x_wconf 79' lang='lat' dir='ltr'><strong>ille</strong></span> <span class='ocrx_word' id='word_1_79' title='bbox 2027 1654 2242 1721; x_wconf 83' lang='lat' dir='ltr'><strong>amicis</strong></span> <span class='ocrx_word' id='word_1_80' title='bbox 2303 1651 2439 1720; x_wconf 84' lang='lat' dir='ltr'><strong>suis</strong></span> <span class='ocrx_word' id='word_1_81' title='bbox 2508 1667 2880 1735; x_wconf 62' lang='lat' dir='ltr'><strong>superstes,</strong></span> <span class='ocrx_word' id='word_1_82' title='bbox 2941 1653 3173 1718; x_wconf 83' lang='lat' dir='ltr'><strong>multos</strong></span> <span class='ocrx_word' id='word_1_83' title='bbox 3242 1669 3409 1734; x_wconf 85' lang='lat' dir='ltr'><strong>pone</strong></span> <span class='ocrx_word' id='word_1_84' title='bbox 3461 1651 3564 1718; x_wconf 70' lang='lat' dir='ltr'><strong>hic·</strong></span> <span class='ocrx_word' id='word_1_85' title='bbox 3631 1653 3989 1734; x_wconf 84' lang='lat' dir='ltr'><strong>relinquens</strong></span> <span class='ocrx_word' id='word_1_86' title='bbox 4042 1627 4055 1636; x_wconf 56' lang='grc'><strong>’</strong></span> 
     </span>
     <span class='ocr_line' id='line_1_9' title="bbox 1133 1793 3989 1882; baseline 0.001 -22"><span class='ocrx_word' id='word_1_87' title='bbox 1133 1797 1330 1882; x_wconf 21' lang='lat' dir='ltr'><strong>‘rebus</strong></span> <span class='ocrx_word' id='word_1_88' title='bbox 1382 1795 1674 1864; x_wconf 82' lang='lat' dir='ltr'><strong>humanis</strong></span> <span class='ocrx_word' id='word_1_89' title='bbox 1749 1799 2064 1866; x_wconf 79' lang='lat' dir='ltr'>valedixit.</span> <span class='ocrx_word' id='word_1_90' title='bbox 2159 1799 2429 1866; x_wconf 83' lang='lat' dir='ltr'><strong>Aderam</strong></span> <span class='ocrx_word' id='word_1_91' title='bbox 2484 1797 2575 1862; x_wconf 89' lang='lat' dir='ltr'><strong>illi</strong></span> <span class='ocrx_word' id='word_1_92' title='bbox 2630 1797 2839 1866; x_wconf 86' lang='lat' dir='ltr'><strong>triduo</strong></span> <span class='ocrx_word' id='word_1_93' title='bbox 2898 1809 3043 1862; x_wconf 80' lang='lat' dir='ltr'><strong>ante</strong></span> <span class='ocrx_word' id='word_1_94' title='bbox 3108 1793 3399 1876; x_wconf 84' lang='lat' dir='ltr'><strong>obitum,</strong></span> <span class='ocrx_word' id='word_1_95' title='bbox 3460 1815 3607 1864; x_wconf 87' lang='lat' dir='ltr'><strong>cum</strong></span> <span class='ocrx_word' id='word_1_96' title='bbox 3666 1813 3989 1882; x_wconf 82' lang='lat' dir='ltr'><strong>aegrotum</strong></span> 
     </span>
     <span class='ocr_line' id='line_1_10' title="bbox 1147 1940 3988 2026; baseline 0 -20"><span class='ocrx_word' id='word_1_97' title='bbox 1147 1959 1383 2025; x_wconf 81' lang='lat' dir='ltr'><strong>corpus</strong></span> <span class='ocrx_word' id='word_1_98' title='bbox 1463 1943 2004 2012; x_wconf 78' lang='lat' dir='ltr'><strong>vehementissime</strong></span> <span class='ocrx_word' id='word_1_99' title='bbox 2067 1945 2260 2012; x_wconf 86' lang='lat' dir='ltr'><strong>febris</strong></span> <span class='ocrx_word' id='word_1_100' title='bbox 2343 1957 2626 2026; x_wconf 83' lang='lat' dir='ltr'><strong>quateret</strong></span> <span class='ocrx_word' id='word_1_101' title='bbox 2664 1989 2688 2024; x_wconf 88' lang='lat'>‚</span> <span class='ocrx_word' id='word_1_102' title='bbox 2752 1957 2815 2008; x_wconf 86' lang='lat' dir='ltr'><strong>et</strong></span> <span class='ocrx_word' id='word_1_103' title='bbox 2870 1941 3174 2025; x_wconf 88' lang='lat' dir='ltr'><strong>loquendi</strong></span> <span class='ocrx_word' id='word_1_104' title='bbox 3246 1940 3604 2008; x_wconf 83' lang='lat' dir='ltr'><strong>facultatem</strong></span> <span class='ocrx_word' id='word_1_105' title='bbox 3670 1945 3727 2008; x_wconf 89' lang='lat' dir='ltr'><strong>ei</strong></span> <span class='ocrx_word' id='word_1_106' title='bbox 3795 1941 3988 2009; x_wconf 85' lang='lat' dir='ltr'><strong>ferme</strong></span> 
     </span>
     <span class='ocr_line' id='line_1_11' title="bbox 1142 2060 3992 2174; baseline -0.001 -18"><span class='ocrx_word' id='word_1_107' title='bbox 1142 2086 1464 2157; x_wconf 80' lang='lat' dir='ltr'>adimeret.</span> <span class='ocrx_word' id='word_1_108' title='bbox 1551 2088 1794 2156; x_wconf 88' lang='lat' dir='ltr'><strong>Verum</strong></span> <span class='ocrx_word' id='word_1_109' title='bbox 1862 2092 2244 2160; x_wconf 82' lang='lat' dir='ltr'><strong>inconcussa</strong></span> <span class='ocrx_word' id='word_1_110' title='bbox 2308 2109 2484 2158; x_wconf 86' lang='lat' dir='ltr'><strong>mens</strong></span> <span class='ocrx_word' id='word_1_111' title='bbox 2541 2060 2843 2174; x_wconf 72' lang='lat' dir='ltr'><strong>¹vigebat.</strong></span> <span class='ocrx_word' id='word_1_112' title='bbox 2934 2087 3153 2170; x_wconf 86' lang='lat' dir='ltr'><strong>Itaque</strong></span> <span class='ocrx_word' id='word_1_113' title='bbox 3212 2109 3250 2155; x_wconf 88' lang='lat' dir='ltr'>a</span> <span class='ocrx_word' id='word_1_114' title='bbox 3314 2107 3413 2154; x_wconf 89' lang='lat' dir='ltr'><strong>me</strong></span> <span class='ocrx_word' id='word_1_115' title='bbox 3446 2135 3473 2171; x_wconf 84' lang='lat'>‚</span> <span class='ocrx_word' id='word_1_116' title='bbox 3534 2108 3719 2172; x_wconf 86' lang='lat' dir='ltr'><strong>quem</strong></span> <span class='ocrx_word' id='word_1_117' title='bbox 3780 2090 3992 2172; x_wconf 81' lang='lat' dir='ltr'><strong>ipsum</strong></span> 
     </span>
     <span class='ocr_line' id='line_1_12' title="bbox 1143 2233 3990 2330; baseline 0.001 -32"><span class='ocrx_word' id='word_1_118' title='bbox 1143 2234 1334 2316; x_wconf 53' lang='lat' dir='ltr'><strong>loqui.</strong></span> <span class='ocrx_word' id='word_1_119' title='bbox 1397 2233 1504 2309; x_wconf 75' lang='lat' dir='ltr'><strong>vix</strong></span> <span class='ocrx_word' id='word_1_120' title='bbox 1565 2237 1812 2330; x_wconf 81' lang='lat' dir='ltr'><strong>sinebat</strong></span> <span class='ocrx_word' id='word_1_121' title='bbox 1879 2241 2110 2321; x_wconf 86' lang='lat' dir='ltr'><strong>dolor,</strong></span> <span class='ocrx_word' id='word_1_122' title='bbox 2181 2253 2250 2304; x_wconf 92' lang='lat' dir='ltr'><strong>ut</strong></span> <span class='ocrx_word' id='word_1_123' title='bbox 2321 2237 2574 2306; x_wconf 78' lang='lat' dir='ltr'><strong>haberet</strong></span> <span class='ocrx_word' id='word_1_124' title='bbox 2652 2256 2721 2302; x_wconf 89' lang='lat' dir='ltr'><strong>se</strong></span> <span class='ocrx_word' id='word_1_125' title='bbox 2778 2236 3251 2318; x_wconf 81' lang='lat' dir='ltr'><strong>interrogatus,</strong></span> <span class='ocrx_word' id='word_1_126' title='bbox 3318 2237 3522 2302; x_wconf 88' lang='lat' dir='ltr'><strong>oculis</strong></span> <span class='ocrx_word' id='word_1_127' title='bbox 3596 2239 3674 2302; x_wconf 86' lang='lat' dir='ltr'><strong>ad</strong></span> <span class='ocrx_word' id='word_1_128' title='bbox 3744 2238 3990 2302; x_wconf 86' lang='lat' dir='ltr'><strong>coelum</strong></span> 
     </span>
     <span class='ocr_line' id='line_1_13' title="bbox 1150 2373 3989 2463; baseline 0 -18"><span class='ocrx_word' id='word_1_129' title='bbox 1150 2381 1518 2463; x_wconf 85' lang='lat' dir='ltr'><strong>conversis,</strong></span> <span class='ocrx_word' id='word_1_130' title='bbox 1579 2381 1753 2450; x_wconf 83' lang='lat' dir='ltr'><strong>firma</strong></span> <span class='ocrx_word' id='word_1_131' title='bbox 1810 2401 2012 2462; x_wconf 83' lang='lat' dir='ltr'><strong>voce,</strong></span> <span class='ocrx_word' id='word_1_132' title='bbox 2075 2379 2310 2450; x_wconf 83' lang='lat' dir='ltr'><strong>mihi.</strong></span> <span class='ocrx_word' id='word_1_133' title='bbox 2362 2383 2579 2449; x_wconf 86' lang='lat' dir='ltr'><strong>bene</strong></span> <span class='ocrx_word' id='word_1_134' title='bbox 2648 2395 2785 2446; x_wconf 86' lang='lat' dir='ltr'><strong>est</strong></span> <span class='ocrx_word' id='word_1_135' title='bbox 2860 2381 3208 2458; x_wconf 85' lang='lat' dir='ltr'><strong>respondit.</strong></span> <span class='ocrx_word' id='word_1_136' title='bbox 3299 2373 3484 2442; x_wconf 87' lang='lat' dir='ltr'><strong>Nihil</strong></span> <span class='ocrx_word' id='word_1_137' title='bbox 3542 2397 3659 2460; x_wconf 86' lang='lat' dir='ltr'><strong>ego</strong></span> <span class='ocrx_word' id='word_1_138' title='bbox 3722 2380 3989 2462; x_wconf 84' lang='lat' dir='ltr'><strong>amplius</strong></span> 
     </span>
     <span class='ocr_line' id='line_1_14' title="bbox 1149 2519 3994 2612; baseline 0 -22"><span class='ocrx_word' id='word_1_139' title='bbox 1149 2528 1396 2611; x_wconf 74' lang='lat' dir='ltr'><strong>rogavi.</strong></span> <span class='ocrx_word' id='word_1_140' title='bbox 1489 2529 1866 2612; x_wconf 81' lang='lat' dir='ltr'><strong>supremum</strong></span> <span class='ocrx_word' id='word_1_141' title='bbox 1901 2546 2005 2592; x_wconf 89' lang='lat' dir='ltr'><strong>-eo</strong></span> <span class='ocrx_word' id='word_1_142' title='bbox 2059 2528 2332 2595; x_wconf 75' lang='lat' dir='ltr'><strong>salutato</strong></span> <span class='ocrx_word' id='word_1_143' title='bbox 2387 2525 2715 2596; x_wconf 82' lang='lat' dir='ltr'><strong>discedens</strong></span> <span class='ocrx_word' id='word_1_144' title='bbox 2784 2519 3119 2589; x_wconf 82' lang='lat' dir='ltr'><strong>referebam</strong></span> <span class='ocrx_word' id='word_1_145' title='bbox 3177 2539 3420 2586; x_wconf 82' lang='lat' dir='ltr'><strong>mecum</strong></span> <span class='ocrx_word' id='word_1_146' title='bbox 3474 2521 3609 2585; x_wconf 90' lang='lat' dir='ltr'><strong>eius</strong></span> <span class='ocrx_word' id='word_1_147' title='bbox 3666 2527 3994 2594; x_wconf 72' lang='grc' dir='ltr'><strong><em>πυκινὸν</em></strong></span> 
     </span>
     <span class='ocr_line' id='line_1_15' title="bbox 1147 2629 3993 2756; baseline -0.002 -16"><span class='ocrx_word' id='word_1_148' title='bbox 1147 2629 1373 2749; x_wconf 54' lang='grc' dir='ltr'><em>ἔπος,</em></span> <span class='ocrx_word' id='word_1_149' title='bbox 1424 2689 1606 2754; x_wconf 82' lang='lat' dir='ltr'><strong>grave</strong></span> <span class='ocrx_word' id='word_1_150' title='bbox 1679 2689 1870 2756; x_wconf 84' lang='lat' dir='ltr'><strong>atque</strong></span> <span class='ocrx_word' id='word_1_151' title='bbox 1933 2689 2280 2756; x_wconf 80' lang='lat' dir='ltr'><strong>praegnans</strong></span> <span class='ocrx_word' id='word_1_152' title='bbox 2345 2670 2634 2749; x_wconf 84' lang='lat' dir='ltr'><strong>dietum,</strong></span> <span class='ocrx_word' id='word_1_153' title='bbox 2696 2669 2873 2749; x_wconf 82' lang='lat' dir='ltr'><strong>quod</strong></span> <span class='ocrx_word' id='word_1_154' title='bbox 2952 2667 3104 2734; x_wconf 85' lang='lat' dir='ltr'><strong>mihi</strong></span> <span class='ocrx_word' id='word_1_155' title='bbox 3168 2680 3301 2734; x_wconf 88' lang='lat' dir='ltr'>tota</span> <span class='ocrx_word' id='word_1_156' title='bbox 3369 2666 3497 2734; x_wconf 83' lang='lat' dir='ltr'><strong>vita</strong></span> <span class='ocrx_word' id='word_1_157' title='bbox 3572 2663 3993 2734; x_wconf 81' lang='lat' dir='ltr'><strong>meditandum</strong></span> 
     </span>
     <span class='ocr_line' id='line_1_16' title="bbox 1152 2797 3993 2898; baseline 0 -18"><span class='ocrx_word' id='word_1_158' title='bbox 1152 2816 1554 2898; x_wconf 81' lang='lat' dir='ltr'><strong>relinqueret.</strong></span> <span class='ocrx_word' id='word_1_159' title='bbox 1655 2817 1748 2882; x_wconf 77' lang='lat' dir='ltr'><strong>Ita</strong></span> <span class='ocrx_word' id='word_1_160' title='bbox 1826 2835 1954 2884; x_wconf 81' lang='lat' dir='ltr'><strong>vox</strong></span> <span class='ocrx_word' id='word_1_161' title='bbox 2016 2835 2085 2881; x_wconf 82' lang='lat' dir='ltr'><strong>ea</strong></span> <span class='ocrx_word' id='word_1_162' title='bbox 2119 2855 2150 2898; x_wconf 85' lang='lat'><strong>-,</strong></span> <span class='ocrx_word' id='word_1_163' title='bbox 2241 2833 2401 2898; x_wconf 78' lang='lat' dir='ltr'><strong>quae</strong></span> <span class='ocrx_word' id='word_1_164' title='bbox 2476 2797 2763 2882; x_wconf 81' lang='lat' dir='ltr'><strong>nascenti</strong></span> <span class='ocrx_word' id='word_1_165' title='bbox 2828 2813 2985 2886; x_wconf 84' lang='lat' dir='ltr'><strong>mihi</strong></span> <span class='ocrx_word' id='word_1_166' title='bbox 3058 2814 3268 2880; x_wconf 85' lang='lat' dir='ltr'><strong>statim</strong></span> <span class='ocrx_word' id='word_1_167' title='bbox 3350 2811 3591 2880; x_wconf 89' lang='lat' dir='ltr'><strong>bonum</strong></span> <span class='ocrx_word' id='word_1_168' title='bbox 3669 2815 3993 2898; x_wconf 72' lang='lat' dir='ltr'><strong>apprecata</strong></span> 
     </span>
     <span class='ocr_line' id='line_1_17' title="bbox 1096 2955 3997 3077; baseline -0.002 -48"><span class='ocrx_word' id='word_1_169' title='bbox 1096 3052 1108 3077; x_wconf 38' lang='grc'><strong><em>1</em></strong></span> <span class='ocrx_word' id='word_1_170' title='bbox 1157 2976 1283 3041; x_wconf 71' lang='lat' dir='ltr'><strong>erat</strong></span> <span class='ocrx_word' id='word_1_171' title='bbox 1339 2981 1610 3053; x_wconf 55' lang='lat' dir='ltr'><strong>omens⁸</strong></span> <span class='ocrx_word' id='word_1_172' title='bbox 1642 2979 1905 3044; x_wconf 88' lang='lat' dir='ltr'><strong>puerum</strong></span> <span class='ocrx_word' id='word_1_173' title='bbox 1967 2959 2225 3045; x_wconf 80' lang='lat' dir='ltr'><strong>optimis</strong></span> <span class='ocrx_word' id='word_1_174' title='bbox 2294 2959 2551 3027; x_wconf 80' lang='lat' dir='ltr'><strong>monitis</strong></span> <span class='ocrx_word' id='word_1_175' title='bbox 2602 2959 2957 3040; x_wconf 73' lang='lat' dir='ltr'><strong>imbuerat,</strong></span> <span class='ocrx_word' id='word_1_176' title='bbox 3014 2958 3226 3023; x_wconf 84' lang='lat' dir='ltr'><strong>iuveni</strong></span> <span class='ocrx_word' id='word_1_177' title='bbox 3290 2959 3453 3023; x_wconf 75' lang='lat' dir='ltr'><strong>viam</strong></span> <span class='ocrx_word' id='word_1_178' title='bbox 3486 2955 3709 3033; x_wconf 52' lang='lat' dir='ltr'><strong>laudis</strong></span> <span class='ocrx_word' id='word_1_179' title='bbox 3760 2957 3997 3027; x_wconf 82' lang='lat' dir='ltr'><strong>indica.</strong></span> 
     </span>
     <span class='ocr_line' id='line_1_18' title="bbox 1157 3104 3995 3189; baseline 0.001 -18"><span class='ocrx_word' id='word_1_180' title='bbox 1157 3120 1328 3184; x_wconf 56' lang='lat' dir='ltr'><strong>verat</strong></span> <span class='ocrx_word' id='word_1_181' title='bbox 1349 3150 1374 3189; x_wconf 87' lang='lat'>‚</span> <span class='ocrx_word' id='word_1_182' title='bbox 1433 3107 1638 3176; x_wconf 85' lang='lat' dir='ltr'><strong>virum</strong></span> <span class='ocrx_word' id='word_1_183' title='bbox 1698 3107 1766 3182; x_wconf 72' lang='lat' dir='ltr'><strong>in</strong></span> <span class='ocrx_word' id='word_1_184' title='bbox 1807 3110 2016 3180; x_wconf 79' lang='lat' dir='ltr'><strong>eadem</strong></span> <span class='ocrx_word' id='word_1_185' title='bbox 2077 3108 2344 3177; x_wconf 75' lang='lat' dir='ltr'><strong>maxime</strong></span> <span class='ocrx_word' id='word_1_186' title='bbox 2402 3106 2670 3177; x_wconf 81' lang='lat' dir='ltr'><strong>firmarat</strong></span> <span class='ocrx_word' id='word_1_187' title='bbox 2694 3152 2721 3189; x_wconf 87' lang='lat'>,</span> <span class='ocrx_word' id='word_1_188' title='bbox 2782 3124 2853 3175; x_wconf 84' lang='lat' dir='ltr'><strong>ea</strong></span> <span class='ocrx_word' id='word_1_189' title='bbox 2911 3124 3038 3173; x_wconf 84' lang='lat' dir='ltr'><strong>vox</strong></span> <span class='ocrx_word' id='word_1_190' title='bbox 3058 3150 3085 3185; x_wconf 85' lang='lat'>‚</span> <span class='ocrx_word' id='word_1_191' title='bbox 3146 3104 3400 3188; x_wconf 85' lang='lat' dir='ltr'><strong>inquam</strong></span> <span class='ocrx_word' id='word_1_192' title='bbox 3424 3152 3449 3188; x_wconf 93' lang='lat'><strong>,</strong></span> <span class='ocrx_word' id='word_1_193' title='bbox 3511 3108 3832 3175; x_wconf 84' lang='lat' dir='ltr'><strong>morientis</strong></span> <span class='ocrx_word' id='word_1_194' title='bbox 3884 3126 3995 3174; x_wconf 87' lang='lat' dir='ltr'><strong>ore</strong></span> 
     </span>
     <span class='ocr_line' id='line_1_19' title="bbox 1155 3212 3995 3339; baseline 0 -19"><span class='ocrx_word' id='word_1_195' title='bbox 1155 3256 1392 3339; x_wconf 80' lang='lat' dir='ltr'><strong>prolata</strong></span> <span class='ocrx_word' id='word_1_196' title='bbox 1425 3301 1447 3336; x_wconf 90' lang='lat'><strong>,</strong></span> <span class='ocrx_word' id='word_1_197' title='bbox 1513 3253 1666 3319; x_wconf 84' lang='lat' dir='ltr'><strong>mihi</strong></span> <span class='ocrx_word' id='word_1_198' title='bbox 1737 3254 1892 3319; x_wconf 83' lang='lat' dir='ltr'><strong>illud</strong></span> <span class='ocrx_word' id='word_1_199' title='bbox 1969 3254 2153 3325; x_wconf 81' lang='lat' dir='ltr'><strong>etiam</strong></span> <span class='ocrx_word' id='word_1_200' title='bbox 2235 3252 2514 3335; x_wconf 87' lang='lat' dir='ltr'><strong>obtulit,</strong></span> <span class='ocrx_word' id='word_1_201' title='bbox 2584 3254 2761 3337; x_wconf 89' lang='lat' dir='ltr'><strong>quod</strong></span> <span class='ocrx_word' id='word_1_202' title='bbox 2832 3251 3092 3319; x_wconf 85' lang='lat' dir='ltr'><strong>infixum</strong></span> <span class='ocrx_word' id='word_1_203' title='bbox 3160 3251 3369 3319; x_wconf 81' lang='lat' dir='ltr'><strong>animo</strong></span> <span class='ocrx_word' id='word_1_204' title='bbox 3432 3212 3652 3335; x_wconf 76' lang='lat' dir='ltr'><strong>gerens</strong></span> <span class='ocrx_word' id='word_1_205' title='bbox 3710 3268 3995 3339; x_wconf 58' lang='lat' dir='ltr'><strong>paratum</strong></span> 
     </span>
     <span class='ocr_line' id='line_1_20' title="bbox 1158 3395 3995 3484; baseline -0.001 -17"><span class='ocrx_word' id='word_1_206' title='bbox 1158 3420 1404 3484; x_wconf 83' lang='lat' dir='ltr'><strong>semper</strong></span> <span class='ocrx_word' id='word_1_207' title='bbox 1462 3400 1749 3467; x_wconf 81' lang='lat' dir='ltr'><strong>haberem</strong></span> <span class='ocrx_word' id='word_1_208' title='bbox 1802 3414 2025 3467; x_wconf 85' lang='lat' dir='ltr'><strong>contra</strong></span> <span class='ocrx_word' id='word_1_209' title='bbox 2077 3397 2297 3466; x_wconf 83' lang='lat' dir='ltr'><strong>mortis</strong></span> <span class='ocrx_word' id='word_1_210' title='bbox 2347 3398 2633 3465; x_wconf 85' lang='lat' dir='ltr'><strong>timorem</strong></span> <span class='ocrx_word' id='word_1_211' title='bbox 2690 3397 3093 3481; x_wconf 82' lang='lat' dir='ltr'><strong>praesidium.</strong></span> <span class='ocrx_word' id='word_1_212' title='bbox 3176 3399 3423 3483; x_wconf 88' lang='lat' dir='ltr'><strong>Nempe</strong></span> <span class='ocrx_word' id='word_1_213' title='bbox 3475 3395 3542 3463; x_wconf 93' lang='lat' dir='ltr'><strong>id</strong></span> <span class='ocrx_word' id='word_1_214' title='bbox 3595 3414 3815 3479; x_wconf 82' lang='lat' dir='ltr'><strong>agam,</strong></span> <span class='ocrx_word' id='word_1_215' title='bbox 3880 3416 3995 3466; x_wconf 77' lang='lat' dir='ltr'><strong>Bo-</strong></span> 
     </span>
    </p>
   </div>
   <div class='ocr_carea' id='block_1_3' title="bbox 1159 3522 3997 3628">
    <p class='ocr_par' dir='ltr' id='par_1_3' title="bbox 1159 3522 3997 3628">
     <span class='ocr_line' id='line_1_21' title="bbox 1159 3522 3997 3628; baseline -0.001 -16"><span class='ocrx_word' id='word_1_216' title='bbox 1159 3562 1368 3627; x_wconf 79' lang='lat' dir='ltr'><strong>scffl,</strong></span> <span class='ocrx_word' id='word_1_217' title='bbox 1415 3559 1486 3609; x_wconf 91' lang='lat' dir='ltr'><strong>ut</strong></span> <span class='ocrx_word' id='word_1_218' title='bbox 1539 3558 1654 3611; x_wconf 89' lang='lat' dir='ltr'><strong>tuo</strong></span> <span class='ocrx_word' id='word_1_219' title='bbox 1705 3532 1999 3628; x_wconf 78' lang='lat' dir='ltr'><strong>ex&#39;emplo</strong></span> <span class='ocrx_word' id='word_1_220' title='bbox 2053 3564 2232 3628; x_wconf 82' lang='lat' dir='ltr'><strong>pure.</strong></span> <span class='ocrx_word' id='word_1_221' title='bbox 2265 3559 2327 3612; x_wconf 91' lang='lat' dir='ltr'><strong>et</strong></span> <span class='ocrx_word' id='word_1_222' title='bbox 2386 3560 2598 3618; x_wconf 83' lang='lat' dir='ltr'><strong>sancte</strong></span> <span class='ocrx_word' id='word_1_223' title='bbox 2648 3544 2855 3619; x_wconf 79' lang='lat' dir='ltr'><strong>literas</strong></span> <span class='ocrx_word' id='word_1_224' title='bbox 2910 3546 3220 3628; x_wconf 81' lang='lat' dir='ltr'><strong>colendO,</strong></span> <span class='ocrx_word' id='word_1_225' title='bbox 3286 3522 3539 3614; x_wconf 51' lang='lat' dir='ltr'><strong>§virtutis</strong></span> <span class='ocrx_word' id='word_1_226' title='bbox 3596 3544 3875 3610; x_wconf 86' lang='lat' dir='ltr'><strong>studium</strong></span> <span class='ocrx_word' id='word_1_227' title='bbox 3920 3561 3997 3609; x_wconf 83' lang='lat' dir='ltr'><strong>ex</strong></span> 
     </span>
    </p>
   </div>
   <div class='ocr_carea' id='block_1_4' title="bbox 1161 3688 3996 3943">
    <p class='ocr_par' dir='ltr' id='par_1_4' title="bbox 1161 3688 3996 3943">
     <span class='ocr_line' id='line_1_22' title="bbox 1161 3688 3995 3769; baseline -0.004 -14"><span class='ocrx_word' id='word_1_228' title='bbox 1161 3689 1242 3755; x_wconf 83' lang='lat' dir='ltr'><strong>iis</strong></span> <span class='ocrx_word' id='word_1_229' title='bbox 1303 3690 1694 3769; x_wconf 85' lang='lat' dir='ltr'><strong>hauriendo,</strong></span> <span class='ocrx_word' id='word_1_230' title='bbox 1754 3688 1900 3752; x_wconf 87' lang='lat' dir='ltr'><strong>hinc</strong></span> <span class='ocrx_word' id='word_1_231' title='bbox 1969 3690 2036 3751; x_wconf 84' lang='lat' dir='ltr'><strong>in</strong></span> <span class='ocrx_word' id='word_1_232' title='bbox 2095 3691 2250 3750; x_wconf 81' lang='lat' dir='ltr'><strong>alios</strong></span> <span class='ocrx_word' id='word_1_233' title='bbox 2309 3692 2687 3764; x_wconf 83' lang='lat' dir='ltr'><strong>prodendo,</strong></span> <span class='ocrx_word' id='word_1_234' title='bbox 2744 3691 3132 3748; x_wconf 73' lang='lat' dir='ltr'><strong>iuventutem</strong></span> <span class='ocrx_word' id='word_1_235' title='bbox 3196 3690 3345 3746; x_wconf 76' lang='lat' dir='ltr'><strong>recti</strong></span> <span class='ocrx_word' id='word_1_236' title='bbox 3404 3704 3467 3748; x_wconf 80' lang='lat' dir='ltr'><strong>et</strong></span> <span class='ocrx_word' id='word_1_237' title='bbox 3525 3689 3727 3766; x_wconf 80' lang='lat' dir='ltr'><strong>pulcri</strong></span> <span class='ocrx_word' id='word_1_238' title='bbox 3786 3705 3995 3755; x_wconf 83' lang='lat' dir='ltr'><strong>amore</strong></span> 
     </span>
     <span class='ocr_line' id='line_1_23' title="bbox 1163 3824 3996 3943; baseline -0.003 -38"><span class='ocrx_word' id='word_1_239' title='bbox 1163 3834 1550 3915; x_wconf 81' lang='lat' dir='ltr'><strong>imbuende,</strong></span> <span class='ocrx_word' id='word_1_240' title='bbox 1607 3832 1840 3899; x_wconf 85' lang='lat' dir='ltr'><strong>nemini</strong></span> <span class='ocrx_word' id='word_1_241' title='bbox 1896 3848 2179 3912; x_wconf 78' lang='lat' dir='ltr'><strong>nocens,</strong></span> <span class='ocrx_word' id='word_1_242' title='bbox 2261 3825 2478 3891; x_wconf 82' lang='lat' dir='ltr'><strong>multis</strong></span> <span class='ocrx_word' id='word_1_243' title='bbox 2532 3825 2752 3943; x_wconf 71' lang='lat' dir='ltr'><strong>utiliS,</strong></span> <span class='ocrx_word' id='word_1_244' title='bbox 2814 3826 2975 3893; x_wconf 80' lang='lat' dir='ltr'><strong>vitae</strong></span> <span class='ocrx_word' id='word_1_245' title='bbox 3038 3838 3173 3891; x_wconf 88' lang='lat' dir='ltr'><strong>tum</strong></span> <span class='ocrx_word' id='word_1_246' title='bbox 3241 3824 3460 3910; x_wconf 87' lang='lat' dir='ltr'><strong>omni,</strong></span> <span class='ocrx_word' id='word_1_247' title='bbox 3518 3841 3652 3896; x_wconf 87' lang='lat' dir='ltr'><strong>tum</strong></span> <span class='ocrx_word' id='word_1_248' title='bbox 3710 3832 3809 3898; x_wconf 88' lang='lat' dir='ltr'><strong>vel</strong></span> <span class='ocrx_word' id='word_1_249' title='bbox 3866 3848 3996 3898; x_wconf 85' lang='lat' dir='ltr'><strong>ma·</strong></span> 
     </span>
    </p>
   </div>
   <div class='ocr_carea' id='block_1_5' title="bbox 1168 3969 3674 4067">
    <p class='ocr_par' dir='ltr' id='par_1_5' title="bbox 1168 3969 3674 4067">
     <span class='ocr_line' id='line_1_24' title="bbox 1168 3969 3674 4067; baseline -0.001 -19"><span class='ocrx_word' id='word_1_250' title='bbox 1168 3981 1332 4052; x_wconf 80' lang='lat' dir='ltr'><strong>xime</strong></span> <span class='ocrx_word' id='word_1_251' title='bbox 1373 3996 1652 4055; x_wconf 75' lang='lat' dir='ltr'><strong>extremo</strong></span> <span class='ocrx_word' id='word_1_252' title='bbox 1697 3991 1972 4067; x_wconf 79' lang='lat' dir='ltr'><strong>tempore</strong></span> <span class='ocrx_word' id='word_1_253' title='bbox 2000 4020 2025 4058; x_wconf 90' lang='lat'><strong>,</strong></span> <span class='ocrx_word' id='word_1_254' title='bbox 2086 3988 2386 4061; x_wconf 82' lang='lat' dir='ltr'><strong>usurpare</strong></span> <span class='ocrx_word' id='word_1_255' title='bbox 2428 3971 2670 4058; x_wconf 79' lang='lat' dir='ltr'><strong>possim</strong></span> <span class='ocrx_word' id='word_1_256' title='bbox 2712 3969 2915 4058; x_wconf 80' lang='lat' dir='ltr'><strong>illud,</strong></span> <span class='ocrx_word' id='word_1_257' title='bbox 2972 3970 3183 4042; x_wconf 86' lang='lat' dir='ltr'><strong>mihi</strong></span> <span class='ocrx_word' id='word_1_258' title='bbox 3250 3972 3464 4043; x_wconf 84' lang='lat' dir='ltr'><strong>bene</strong></span> <span class='ocrx_word' id='word_1_259' title='bbox 3518 3988 3674 4045; x_wconf 82' lang='lat' dir='ltr'><strong>est.</strong></span> 
     </span>
    </p>
   </div>
  </div>
 </body>
</html>
