4750 6000
1175 594 1313 648 xxtt
2085 567 3147 642 LAUDATIO

1201 777 1435 862 quibus
1501 791 1644 841 cum
1713 785 2040 856 tantopere
2099 776 2459 840 excelluerit
2496 818 2518 853 ,
2587 771 2756 836 haud
2832 767 3180 834 mirandum
3254 764 3513 852 utique,
3579 769 3685 850 si,
3746 786 3897 836 cum
3962 769 4041 834 de

1197 931 1406 1014 poetis
1483 942 1543 992 et
1627 925 1801 1010 poesi
1875 937 2268 1006 quaereretur
2307 967 2334 1002 ,
2416 920 2542 986 illic
2606 933 2903 1002 tanquam
2975 918 3041 986 in
3104 937 3221 984 sua
3279 916 3521 987 ditione
3584 922 3881 1005 princeps
3945 938 4040 986 re·

1201 1099 1396 1165 gnum
1481 1079 1614 1145 sine
1689 1077 1946 1142 aemulis
2024 1071 2320 1140 tenuerit.
2427 1071 2619 1138 Forte
2696 1071 2915 1136 schola
2994 1082 3128 1134 tum
3195 1086 3407 1139 exorta
3461 1088 3593 1140 erat
3656 1073 4035 1158 hominum,

1141 1219 1148 1228 ’
1205 1230 1322 1310 qui
1399 1227 1465 1293 in
1545 1226 1717 1309 poesi
1797 1239 2038 1294 tantum
2117 1240 2250 1292 non
2330 1224 2547 1290 omnia
2607 1224 2684 1290 ad
2740 1235 2973 1288 certam
3039 1216 3359 1303 exigerent
3425 1223 3724 1292 rationem
3758 1269 3782 1306 ,
3846 1226 4043 1309 pluri·

1198 1397 1374 1446 mum
1447 1377 1710 1444 artificio
1783 1376 2128 1444 tribuerent
2169 1425 2194 1460 ,
2257 1375 2443 1442 multi
2519 1388 2730 1442 essent
2790 1372 2859 1437 in
2926 1368 3063 1440 eius
3130 1370 3374 1442 artificii
3434 1370 3667 1462 regulis
3730 1395 3801 1442 ac
3866 1393 4038 1459 prae-

1193 1526 1402 1610 ceptis
1463 1525 1878 1600 inculcandis.
1969 1525 2136 1594 Cum
2195 1545 2397 1609 vero,
2462 1542 2535 1592 ut
2598 1525 2671 1592 fit
2699 1571 2721 1608 ,
2782 1520 2888 1589 alii
2954 1521 3073 1588 alia
3136 1523 3449 1590 traderent
3502 1541 3881 1612 praecepta,
3924 1543 4038 1592 nec

1201 1682 1282 1746 de
1339 1679 1490 1745 artis
1552 1676 1798 1761 legibus
1853 1679 2007 1752 satis
2071 1679 2234 1748 inter
2295 1679 2473 1764 ipsos
2531 1678 2865 1763 magistros
2928 1671 3343 1754 conveniret,
3408 1676 3762 1756 quaesitum
3822 1693 3919 1745 est
3960 1677 4037 1744 ab

1204 1828 1427 1894 iisdem
1510 1826 1868 1912 Teyleriani
1943 1829 2220 1900 instituti
2297 1831 2681 1900 Rectoribus
2727 1872 2750 1908 ,
2833 1841 2996 1908 quo
3074 1825 3320 1891 tandem
3388 1827 3637 1892 modo
3700 1827 4041 1912 optime

1185 1969 1969 2060 -dignoscerentu'r
2039 1999 2340 2050 certae
2404 1999 2648 2050 certo
2724 1981 3114 2062 poeseos
3187 1974 3273 2040 in
3337 1991 3657 2058 genere
3722 1979 3859 2046 vel
3924 1996 4039 2044 ar·

1135 2142 1621 2210 -gumento
1684 2128 1974 2213 leges,
2061 2151 2280 2214 quas
2342 2148 2783 2214 nunquam
2838 2124 3189 2210 negligi
3252 2131 3386 2194 vel
3451 2128 3845 2194 temerari
3905 2127 4037 2196 fas

1205 2293 1468 2344 esset.
1559 2278 1966 2362 Responsum
2031 2298 2127 2351 est
2179 2305 2215 2352 a
2275 2305 2565 2354 noscnto
2612 2297 2854 2369 praeter
2899 2275 3327 2361 quaerentium
3372 2277 3785 2361 opinionem,
3855 2297 4041 2346 unam

1203 2428 1270 2494 in
1313 2429 1488 2511 poesi
1555 2431 1754 2515 legem
1816 2451 1999 2518 esse,
2069 2450 2352 2503 naturam
2417 2436 2651 2520 sequi,
2715 2452 2847 2503 non
2907 2425 3239 2511 quamvis,
3286 2429 3396 2493 sed
3442 2427 3739 2512 optimam
3786 2449 3855 2497 ac
3901 2430 4041 2512 pul-

1195 2580 1612 2649 cherrimam:
1661 2582 1781 2650 hoc
1827 2599 1898 2651 ut
1941 2585 2192 2668 possis,
2241 2589 2509 2672 primum
2556 2606 2725 2670 opus
2769 2601 2907 2650 esse
2948 2578 3253 2665 ingenio,
3319 2576 3542 2646 deinde
3584 2581 3847 2662 studi0,
3908 2594 4039 2644 non

1204 2729 1314 2798 illo
1378 2730 1444 2796 in
1481 2729 1900 2806 ,addiscendis
1965 2737 2409 2821 magistrorum
2454 2736 2606 2804 artis
2649 2693 2884 2818 regulis
2911 2777 2936 2814 ,
2982 2731 3094 2797 sed
3138 2726 3321 2793 unice
3365 2724 3430 2816 in
3480 2731 3854 2797 meditandis
3897 2728 4045 2812 poe·

1205 2892 1408 2944 tarum
1454 2883 1678 2963 optimi
1730 2886 2043 2970 cuiusque
2089 2887 2389 2972 operibus
2432 2885 2770 2970 ponendo:
2814 2887 3024 2952 minus
3070 2881 3235 2947 enim
3280 2877 3385 2944 hic
3429 2882 3818 2963 praeceptis,
3858 2896 4045 2963 quam

1205 3028 1508 3111 exemplis
1571 3032 1780 3115 effici,
1837 3053 1952 3103 trec
2015 3035 2267 3103 aliunde
2324 3040 2547 3107 melius
2602 3051 2795 3105 artem
2852 3032 3138 3105 imitandi
3184 3049 3468 3101 naturam
3512 3034 3686 3118 peti,
3737 3051 3920 3116 quam
3962 3028 4041 3095 ab

1207 3179 1339 3259 iis,
1423 3182 1532 3265 qui
1609 3183 1735 3266 ipsi
1809 3184 2045 3265 optime
2113 3201 2394 3255 naturam
2482 3190 2997 3270 expressissent:
3083 3186 3209 3254 hos
3286 3202 3424 3251 esse
3509 3200 3749 3254 veteres
3824 3183 4041 3265 poetas

1207 3328 1490 3401 Graecos
1533 3350 1596 3401 et
1643 3309 1970 3416 Latinos,
2027 3333 2224 3419 inque
2287 3338 2388 3405 his
2444 3339 2793 3425 principem
2851 3338 3248 3418 Homerum,
3320 3354 3359 3400 a
3424 3353 3594 3417 quo
3652 3353 3807 3403 ceu
3864 3330 3903 3398 f
3916 3350 4045 3399 οιι·
4142 3336 4149 3343 '

1209 3496 1292 3547 te
1367 3485 1728 3566 perenni
1790 3485 2102 3563 Vatum
2160 3485 2491 3553 Pieriis
2556 3510 2704 3558 ora
2768 3491 3175 3578 rigentur
3235 3484 3538 3571 aquis3
3626 3484 3855 3552 horum
3919 3482 4038 3567 igi-

1210 3647 1328 3707 tur·
1388 3638 1717 3704 lectionem
1785 3640 1956 3706 haud
2013 3639 2172 3735 satis
2227 3641 2649 3707 commendari
2713 3659 2921 3725 posse·
2968 3635 3474 3705 adolescentibus
3513 3682 3537 3719 ,
3615 3634 3730 3717 qui
3791 3633 4043 3718 quidem

1205 3786 1290 3851 ad
1351 3788 1622 3871 poeseos
1687 3789 1931 3858 laudem
1995 3789 2433 3875 adspirarent3
2511 3809 2587 3859 eo
2658 3805 2941 3869 veterum
3018 3788 3235 3857 studio
3310 3787 3629 3871 quondam
3694 3786 3862 3869 apud
3920 3798 4044 3849 nos

1213 3933 1552 4005 Ho'oftium
1614 3958 1686 4007 ac
1763 3938 2146 4007 Vondclium
2187 3985 2212 4022 ,
2285 3943 2455 4023 apud
2532 3942 2761 4011 Gallos
2839 3938 3178 4007 Racinium
3217 3984 3242 4021 ,
3304 3936 3455 4007 alibi
3521 3950 3823 4002 terrarum
3886 3930 4044 3997 alios
4102 3962 4113 3971 ·

1213 4087 1432 4170 poetas
1495 4105 1760 4175 magnos
1825 4092 2122 4161 evasisse.
2211 4090 2622 4176 Responsum
2682 4092 2973 4173 quamvis
3038 4090 3431 4178 inopinatum
3493 4087 3578 4154 ita
3632 4084 3907 4171 placuit,
3974 4095 4045 4147 ut

1216 4208 1575 4316 quindecim
1661 4243 1938 4311 iudicum
2011 4242 2140 4311 fere
2224 4242 2505 4311 unanimi
2584 4260 2907 4313 consensu
2986 4242 3261 4327 primum
3340 4253 3630 4309 noscmo
3704 4233 4043 4319 praemium

1214 4384 1672 4460 decerneretur.
1792 4390 2022 4473 Neque
2101 4392 2256 4458 satis
2330 4394 2455 4461 hoc
2533 4391 2683 4461 fuit.
2794 4395 3015 4463 Movit
3079 4362 3415 4460 auctoritas
3473 4385 3761 4474 responsi
3824 4384 4041 4465 viros,

1221 4548 1296 4599 ut
1358 4537 1628 4608 triennio
1696 4558 1850 4626 post
1923 4537 2124 4609 simile
2201 4545 2541 4626 praemium
2613 4514 3063 4627 pollicerentur
3140 4545 3242 4628 ei,
3324 4542 3508 4610 cuius
3588 4537 3850 4608 maxime
3908 4531 4043 4598 dili·

1219 4684 1426 4765 gentia
1474 4689 1723 4762 factum
1783 4708 1950 4761 esset
1981 4722 2050 4775 ,·
2097 4707 2170 4765 ut.
2229 4696 2450 4778 poetae
2510 4694 2729 4767 Batavi
2770 4744 2797 4782 ,
2860 4712 3142 4767 veterum
3202 4694 3559 4781 linguarum
3622 4686 3810 4753 rudes
3846 4726 3871 4763 2
3936 4676 4048 4746 ΕΠ·

3857 4848 4042 4915 quem
