4750 6000
1415 619 2531 694 HIERONYMIDE
2624 572 3114 706 nosch-1.
3649 605 3797 700 ν’

847 819 1155 891 indefessa
1236 820 1587 902 industria,
1651 819 2002 886 incredibili
2071 821 2287 886 ardore
2347 837 2551 892 totum
2619 827 2815 892 literis
2877 843 2944 890 se
2996 808 3292 908 tradidit,
3369 840 3487 908 ut,
3568 830 3693 912 qui·

840 989 1018 1041 antea
1071 987 1312 1039 sextum
1362 970 1428 1036 in
1493 971 1694 1036 classe
1746 970 1970 1034 locum
2011 970 2122 1036 vix
2171 986 2491 1054 tenuerat,
2572 969 2691 1040 iam
2768 995 2910 1040 cum
2984 977 3201 1042 classis
3254 977 3535 1060 principe
3592 979 3683 1042 de

838 1121 1098 1190 victoria
1174 1121 1600 1188 contenderet.
1709 1117 1930 1200 Itaque
2003 1119 2287 1203 Wilpius
2357 1122 2416 1186 ei
2491 1123 2833 1204 plurimum
2912 1105 3119 1192 favere
3188 1125 3447 1207 coepit:
3534 1126 3685 1208 ipse

838 1271 1118 1338 vicissim
1162 1287 1306 1336 eum
1373 1283 1839 1353 praeceptorem
1891 1287 2120 1352 suum,
2189 1285 2259 1338 ut
2309 1275 2570 1341 alterum
2628 1288 2911 1356 patrem,
2992 1277 3195 1342 colere
3256 1297 3327 1344 ae
3388 1277 3683 1362 diligere.-

837 1407 1064 1506 Quem⁴
1115 1421 1205 1504 pii
1273 1419 1560 1504 gratique
1615 1419 1807 1486 animi
1885 1438 2141 1486 sensum
2223 1423 2397 1489 omni
2468 1423 2599 1490 vita
2668 1443 2998 1492 noscatus
3061 1425 3381 1508 servavit,
3448 1426 3531 1493 ita
3595 1440 3685 1493 ut·

837 1571 1109 1657 ingentia
1177 1570 1404 1654 Wilpii
1469 1573 1536 1638 in
1593 1591 1660 1638 se
1723 1569 1936 1636 merita
2007 1571 2442 1640 lubentissime
2506 1590 2751 1655 semper
2808 1573 3210 1656 praedicaret.
3305 1575 3407 1641 Ex
3474 1575 3683 1642 huius·

841 1725 1168 1812 disciplina
1249 1736 1442 1826 porro
1499 1723 1568 1790 in
1640 1722 1934 1789 Rectoris
2010 1724 2342 1792 Arntzenii
2426 1725 2733 1793 scholam·
2782 1727 3158 1818 traductus,
3244 1723 3335 1789 ibi
3410 1742 3667 1806 quoque

833 1877 1108 1956 celeriter
1179 1875 1433 1944 enituit.
1523 1875 1803 1943 Maiores
1863 1869 2148 1958 quotidie
2191 1874 2575 1942 notabantur
2628 1877 2765 1942 eius
2817 1895 3217 1961 progressus.
3306 1875 3433 1940 Iam
3500 1874 3679 1943 enim

832 2043 1010 2108 non,
1077 2040 1149 2090 ut
1205 2023 1714 2108 praeceptoribus
1785 2026 2087 2092 duntaxat
2147 2024 2575 2109 satisfaceret,
2654 2027 2767 2092 sed
2818 2045 2931 2094 sua
3004 2039 3285 2110 sponte,
3348 2045 3468 2092 suo
3529 2025 3675 2110 ipse-

827 2175 1066 2243 iudicio
1138 2177 1344 2242 literas
1416 2178 1901 2260 amplexabatur.
1991 2177 2122 2241 Iam
2191 2176 2258 2241 in
2335 2177 2693 2258 Cicerone,
2760 2176 3078 2258 Horatio,
3121 2173 3427 2261 .Virgilio
3508 2177 3679 2260 quid·

827 2325 1030 2409 pulcri
1103 2325 1336 2392 inesset
1403 2347 1475 2394 ac
1533 2327 1828 2410 venusti,
1910 2327 2044 2410 ipse
2120 2327 2619 2394 animadvertere·
2668 2348 2741 2394 ac
2824 2327 3053 2394 sentire
3126 2343 3440 2411 coeperat.
3528 2327 3671 2392 Iam-

826 2494 1204 2558 percussum
1265 2476 1320 2538 ei
1373 2439 1626 2555 peetus·
1667 2487 1796 2540 erat
1847 2474 2014 2540 haud
2075 2473 2314 2558 vulgari
2365 2490 2643 2540 veterum
2704 2493 2911 2543 amore
2964 2477 3443 2560 elegantiarum,
3504 2495 3675 2559 quas-

824 2625 965 2708 i'pse
1020 2623 1202 2689 etiam
1259 2621 1576 2690 scribendi
1628 2623 1934 2690 exercitiis
1988 2623 2144 2688 adeo
2193 2623 2314 2688 iam
2371 2620 2639 2688 feliciter
2688 2627 3150 2709 aemulabatur,
3200 2645 3268 2694 ut
3340 2631 3669 2715 ingentem*

825 2774 1124 2842 omnibus
1177 2775 1254 2840 de
1299 2790 1368 2838 se
1423 2793 1594 2860 spem
1655 2773 1909 2846 faceret.
2001 2773 2221 2840 Oratio
2270 2773 2523 2857 quidem
2580 2770 2755 2856 cius,
2820 2795 3007 2858 quam
3062 2776 3411 2846 trivialibus
3460 2779 3653 2846 scho-

822 2929 904 2994 lis
957 2927 1310 2993 valedicens
1344 2970 1394 3029 ,ἱ
1445 2943 1644 2990 annos
1719 2939 1854 2989 tum
1927 2923 2366 3013 septemdecim
2434 2937 2675 3005 natus,
2734 2923 2953 2992 habuit
3008 2944 3167 3010 pro
3220 2943 3420 2994 vera
3480 2927 3661 2996 for-

822 3076 1249 3159 titudine,
1307 3075 1402 3140 ita·
1448 3074 1710 3157 probata
1751 3073 1920 3156 fuit,
1979 3089 2050 3140 ut
2101 3076 2330 3157 praelo·
2371 3074 2575 3157 digna·
2614 3089 3017 3154 censeretur·‚
3088 3076 3193 3141 cui
3240 3076 3518 3143 subiecta
3576 3077 3663 3145 ia-

823 3228 1138 3297 Auctoris·
1203 3228 1443 3293 laudern
1503 3226 1743 3308 aliquot
1798 3222 2300 3291 commilitonum
2374 3224 2692 3306 carmina,
2772 3238 2846 3289 ut
2910 3196 3209 3292 disertum
3285 3225 3343 3290 ei
3397 3222 3661 3308 profec*

825 3394 1004 3444 tuum
1055 3392 1115 3444 et
1167 3374 1536 3443 eruditionis
1591 3373 2061 3455 testimonium,
2122 3374 2206 3438 ita
2265 3374 2432 3438 haud
2486 3368 2678 3436 dubie
2732 3390 2997 3455 quoque
3044 3370 3301 3438 tacitum
3356 3372 3660 3439 tribuunt.

819 3526 1180 3609 comitatis,
1245 3524 1604 3605 facilitatis,
1651 3518 2101 3602 humanitatis,
2157 3517 2395 3601 quibus
2448 3515 2733 3601 factum,
2799 3534 2867 3585 ut
2920 3520 2997 3586 ab
3052 3522 3133 3587 iis
3184 3522 3363 3589 etiam
3389 3570 3427 3605 ,-
3476 3540 3663 3603 qnos,

815 3673 1065 3757 i‘ngenio
1125 3674 1531 3755 doctrinaque
1596 3686 1950 3754 superasset
1986 3717 2020 3755 ,.
2091 3668 2507 3736 nihilominus
2578 3668 2861 3733 multum.
2900 3680 2963 3731 et
3030 3685 3338 3737 amaretur
3396 3688 3667 3755 semper:

815 3836 886 3887 et
939 3824 1269 3893 coleretur.

901 3971 1333 4054 Adolescens,
1386 3988 1530 4037 cum
1583 3970 1708 4039 hoc
1756 3985 1930 4039 esset·
1975 3972 2185 4040 animo
2219 3970 2647 4057 ingenioque,
2706 3968 2891 4039 facile
2936 3969 3017 4035 ab
3058 3970 3211 4037 suis·
3239 3972 3652 4056 impetravit„

817 4135 891 4187 nt
958 4123 1232 4201 sinerent
1301 4141 1439 4190 eum
1465 4172 1488 4205 ,
1571 4123 1757 4190 etiam
1829 4139 1978 4207 post
2049 4126 2385 4192 decursum
2448 4122 2720 4206 spatium
2800 4120 3244 4189 scholasticum
3270 4166 3319 4202 ,.
3376 4136 3653 4203 coeptae:

817 4236 1166 4341 studiorum
1217 4274 1352 4343 viae
1421 4275 1748 4359 insistere,
1821 4288 2010 4357 atque
2070 4274 2338 4341 ulterius
2399 4274 2552 4339 adeo
2608 4271 2673 4336 in
2738 4287 2829 4335 ea:
2864 4269 3153 4353 progredi
3176 4290 3225 4351 3..
3262 4264 3647 4351 paremibus=

815 4422 1049 4487 scilicet
1101 4440 1286 4489 omne
1355 4424 1490 4490 eius
1549 4424 1638 4489 rei
1684 4422 2006 4490 arbitrium
2060 4443 2178 4490 avo
2228 4420 2773 4507 permittentibus,
2840 4418 2945 4484 cui
2988 4419 3231 4484 dandus
3276 4417 3395 4481 iam
3450 4412 3647 4479 adiu*-

813 4581 918 4635 tor
961 4586 1126 4639 esset
1171 4589 1420 4660 nepos3
1479 4592 1598 4641 avo
1646 4573 1825 4641 facile
1867 4569 2162 4657 precibus
2207 4570 2457 4654 nepotis
2512 4570 2919 4650 indulgente,
2963 4566 3142 4645 quod
3184 4578 3247 4628 et
3300 4563 3639 4645 ipseeumz

807 4734 942 4783 non
1009 4736 1064 4782 e·
1115 4720 1371 4806 vulgari
1415 4720 1685 4790 formula
1755 4724 2363 4809 pharmacopoeum‚
2430 4720 2541 4784 sed
2615 4718 2716 4783 sui
2766 4734 2952 4797 quam
3028 4713 3413 4820 simillimum
3486 4709 3639 4775 fieri}

808 4880 1090 4950 cuperet.
1197 4871 1300 4935 At·
1369 4890 1520 4937 vero
1593 4873 1858 4937 maxime
1929 4889 2208 4955 quoque:
2249 4886 2457 4935 avum.
2539 4881 2601 4933 et
2671 4878 2959 4951 parentes
3038 4864 3343 4933 movebat
3398 4860 3643 4928 eximiat
3690 4932 3717 4957 .

2153 5018 2204 5064 t·
2233 5038 2292 5103 3,
2434 5018 2447 5026 ”
3480 5026 3629 5090 ‘11⁸⁸5¹
