4750 6000
1325 537 2226 696 'n1anNrM1
2307 587 2474 662 ne
2562 585 3048 663 nosen.
3485 593 3628 652 mx

775 775 1084 869 maxime'
1105 809 1294 881 opera
1338 794 1481 862 laeti
1542 811 1793 882 semper
1831 790 1924 860 iili
1968 805 2321 862 conventus
2371 794 2735 878 agebantur.
2816 791 2996 880 Quae
3051 803 3204 856 vero
3261 797 3621 868 quantaque

770 969 846 1017 ea
915 967 1052 1018 tum
1127 949 1354 1018 laetitia
1413 961 1542 1016 erat
1562 993 1589 1030 ‚
1650 963 1794 1014 cum
1849 944 2312 1012 anniversarius
2382 941 2671 1012 sodalitio
2732 942 2959 1010 rediret
3008 939 3189 1020 ἀίεις,
3254 954 3401 1004 cum
3467 954 3623 1020 spu·

775 1107 1046 1160 mantem
1107 1109 1280 1156 mero
1333 1087 1586 1154 calicem
1637 1088 1935 1153 attollens
1997 1101 2333 1152 aesculus
2394 1082 2674 1150 omnium
2725 1080 2981 1150 nomine
3032 1081 3329 1148 solemnia
3394 1086 3625 1164 patriae

771 1252 920 1306 vota
971 1217 1410 1318 nuncuparet,
1469 1255 1663 1319 eaque
1709 1239 1992 1304 recitaret
2049 1234 2318 1304 carmina
2341 1279 2368 1314 ,
2423 1251 2589 1316 quae
2652 1245 2787 1298 non
2845 1230 3057 1300 minus
3113 1187 3367 1296 uberem
3427 1227 3492 1294 in
3547 1245 3624 1294 eo

777 1380 1056 1466 poeticae
1116 1397 1308 1446 venae
1353 1379 1602 1461 copiam
1625 1424 1648 1460 ,
1709 1397 1896 1460 quam
1951 1377 2417 1460 integerrimum
2483 1369 2709 1458 optimi
2758 1372 2919 1440 civis
2972 1373 3357 1440 voluntatem
3409 1391 3623 1459 argue-

781 1533 945 1585 rent.
1033 1519 1124 1587 Dt
1189 1520 1392 1587 boni!
1454 1535 1527 1586 ut
1582 1519 1830 1588 dicente
1889 1515 1998 1586 illo
2053 1518 2372 1586 sociorum
2443 1529 2577 1582 tum
2640 1515 2937 1582 ardebant
2992 1516 3213 1598 oculi,
3278 1517 3623 1602 gestiebant

771 1662 856 1727 ‘ad
905 1663 1196 1744 plausum
1255 1679 1476 1729 manus
1497 1707 1522 1742 ,
1579 1662 1646 1727 in
1706 1662 1951 1729 coelum
2005 1659 2453 1731 attollebantur
2510 1659 2743 1754 animil
2818 1661 2914 1728 Ut
2970 1659 3128 1728 bene
3182 1659 3260 1726 de
3321 1679 3390 1727 se
3450 1662 3627 1745 quis·

782 1815 905 1882 que
938 1849 964 1884 ,
1027 1801 1187 1867 bene
1252 1801 1329 1866 de
1389 1799 1585 1884 patria
1646 1799 2017 1882 sperabant!
2106 1798 2200 1864 Ut
2249 1798 2520 1866 solidum
2579 1797 2735 1866 illud
2784 1818 2860 1866 ac
2911 1800 3241 1866 sincerum
3296 1813 3423 1865 erat
3476 1819 3624 1884 gau·

779 1942 993 2010 dium!
1065 1941 1362 2028 Quippe,
1421 1959 1538 2009 nec
1596 1940 1942 2024 praesentia
2006 1957 2115 2007 eos
2174 1955 2312 2006 tum
2378 1941 2689 2024 angebant
2747 1940 2904 2008 mala
2925 1987 2951 2024 ,
3015 1955 3081 2008 et
3129 1961 3361 2026 parvus
3412 1943 3617 2010 adhuc

779 2077 1136 2150 futurorum
1186 2100 1314 2151 erat
1357 2099 1604 2153 metus:
1663 2101 1870 2152 vetera
1930 2099 2136 2153 autem
2193 2085 2284 2152 sic
2326 2081 2887 2163 recordabantur,‚
2922 2095 2992 2146 ut
3031 2098 3245 2148 eorum
3294 2083 3619 2149 admonitu

783 2217 984 2299 magis
1031 2181 1338 2301 aleretur,
1399 2239 1583 2302 quam
1640 2219 2079 2304 infringeretur
2130 2220 2290 2302 ipsis
2335 2219 2646 2302 spiritus,
2704 2234 3003 2300 erantque
3050 2220 3175 2287 illis
3227 2219 3619 2304 temporibus

781 2361 1044 2428 omnino
1111 2362 1322 2427 literae
1383 2363 1796 2428 secundarum
1865 2379 2072 2427 rerum
2147 2373 2629 2440 ornamentum,
2702 2377 2858 2440 quae
2924 2360 3145 2427 deinde
3204 2359 3401 2428 factae
3473 2377 3622 2432 sunt

777 2497 1500 2568 adversarum-maxime
1560 2500 1832 2564 lenimen
1895 2517 1966 2565 ac
2030 2493 2346 2566 solatium.

869 2641 1010 2706 Hac
1081 2637 1274 2721 igitur
1347 2651 1516 2704 tanta
1575 2633 1920 2701 felicissimi
1999 2636 2302 2717 temporis
2375 2640 2817 2708 commoditate
2896 2663 3227 2713 noscatus
3296 2647 3475 2712 etiam
3545 2647 3621 2715 ad

780 2790 1094 2856 literarum
1141 2782 1348 2850 studia
1401 2780 1684 2866 gnaviter
1735 2761 1846 2847 est⁸
1889 2800 2094 2864 usus,
2157 2785 2332 2864 quod
2388 2798 2703 2852 testantur
2750 2787 2903 2854 editi
2949 2789 3301 2856 studiorum
3344 2786 3617 2856 fructus.

785 2935 953 3005 Cum
1017 2917 1176 3001 en'itn
1236 2934 1340 3005 illa
1391 2949 1756 3020 tempestate
1809 2950 2068 3021 propter
2129 2955 2233 3010 eas
2256 2984 2282 3020 ,
2347 2956 2505 3021 quas
2559 2938 2731 3023 dixi,
2794 2957 3049 3009 caussas
3104 2940 3283 3009 multi
3329 2939 3393 3005 in
3448 2937 3625 3003 illus·-

785 3085 973 3153 trium
1036 3090 1313 3157 virorum
1384 3091 1848 3159 laudationibus
1909 3092 2255 3161 scribendis
2321 3093 2615 3177 occupati
2682 3106 2937 3179 essent,
3008 3108 3203 3173 eaque
3256 3106 3355 3155 res
3411 3086 3626 3155 Socie-

789 3242 974 3295 tatem
1024 3224 1440 3299 Colendis
1501 3228 1902 3315 Belgicis
1952 3230 2296 3301 Literis
2351 3232 3031 3325 Lugduno·Batauam
3085 3235 3487 3318 impulisset,
3552 3247 3625 3299 ut

791 3374 1125 3457 proposito
1187 3376 1465 3455 praemio
1519 3392 1889 3461 quaereret,
1947 3379 2146 3461 quid
2205 3378 2541 3447 maxime
2594 3379 3175 3447 laudationem
3236 3383 3623 3451 scriben-

794 3518 862 3583 ti
937 3521 1590 3590 observandum
1670 3538 1955 3607 esset,
2041 3542 2374 3595 noscatus
2438 3524 2729 3599 Latinam
2802 3544 2995 3609 super
3060 3528 3174 3594 hac
3258 3531 3621 3611 quaestione

793 3658 1274 3743 disputationem
1335 3664 1592 3747 scripsit
1636 3678 1764 3730 tam
1822 3663 2106 3747 egregie,
2165 3681 2236 3731 ut
2299 3680 2362 3731 et
2417 3662 2835 3731 Leidensibus
2886 3663 3013 3729 illis
3074 3666 3387 3735 iudicibus
3440 3675 3625 3761 plene

796 3798 1226 3885 satisfaceret,
1285 3804 1362 3869 ab
1417 3802 1624 3886 iisque
1671 3802 1950 3889 positum
2002 3802 2345 3886 praemium
2397 3798 2691 3883 referret,
2762 3814 2825 3867 et
2896 3820 3046 3869 vero
3103 3803 3398 3873 omnibus
3456 3807 3627 3873 vide·

799 3958 966 4012 retur
1019 3944 1317 4027 optimam
1375 3942 1872 4011 conscribendae
1932 3942 2307 4011 laudationis
2361 3940 2663 4009 rationem
2720 3942 3185 4008 accuratissime
3228 3945 3637 4029 politissime·

803 4100 923 4164 que
982 4082 1310 4147 indicasse.
1407 4080 1684 4149 Traditis
1733 4082 2080 4166 praeceptis
2127 4081 2322 4149 huius
2365 4078 2455 4145 rei
2495 4098 2575 4146 ne
2612 4080 2871 4147 deficere
2911 4083 3190 4165 exempla
3230 4080 3630 4172 viderentur,

799 4220 944 4289 item
1000 4220 1284 4303 inprimis
1349 4238 1682 4288 noscmus
1743 4221 2002 4288 annisus
2055 4233 2179 4289 est.
2271 4220 2584 4287 Laudavit
2640 4223 2876 4305 quippe
2925 4220 3093 4289 circa
3150 4224 3297 4287 haec
3356 4238 3638 4306 tempora

799 4352 1051 4422 Petrum
1109 4356 1389 4425 Cornelii
1434 4354 1632 4423 filium
1683 4338 2023 4425 Hooftium
2067 4374 2131 4424 et
2177 4357 2525 4425 Gerardum
2578 4360 2871 4426 Ioannem
2929 4358 3279 4443 Vossium3
3341 4358 3632 4441 deinceps

670 4512 683 4519 ·
798 4514 952 4565 vero
1018 4499 1411 4571 Confucium
1455 4551 1482 4589 ,
1557 4507 1881 4574 Sinensem
1963 4506 2418 4592 philosophum
2458 4554 2482 4591 ‚
2560 4506 3044 4575 willebrordum
3081 4553 3105 4588 ,
3188 4471 3297 4588 qui
3374 4505 3639 4576 maiores

803 4636 1055 4722 ‘lo'suos
1114 4651 1194 4717 ad
1243 4651 1488 4722 mitiora
1529 4656 1770 4724 Christi
1813 4676 1988 4726 sacra
2038 4659 2396 4741 convertit,
2460 4658 2765 4727 bonarum
2831 4659 2898 4727 in
2966 4657 3136 4725 Italia
3176 4654 3486 4724 literarum
3542 4656 3637 4721 in·

2152 4797 2246 4841 *Q
2272 4798 2305 4839 *
2912 4770 2923 4779 ·
3467 4810 3636 4863 Siai-l·
