4750 6000
1365 1738 3330 1870 PRAEFATIO.

1099 2469 1483 2604 Tandem
1541 2517 1958 2627 aliquando
1989 2517 2268 2628 prodit
2330 2517 2735 2630 ,Quintum
2785 2523 2921 2610 hoc
2974 2525 3485 2640 Anthologiae
3542 2537 3697 2626 Bo-

949 2683 1330 2793 fihianae
1380 2681 1744 2767 Volumen
1763 2743 1792 2786 ‚
1847 2682 2056 2790 quod
2101 2707 2198 2766 ne
2255 2681 2494 2768 citius
2554 2684 2641 2780 in
2696 2683 2940 2771 lucem
2986 2694 3473 2780 emitteretur
3486 2759 3515 2802 ,
3572 2720 3699 2784 va-

961 2855 1137 2938 riae
1184 2847 1534 2956 obstitere
1583 2846 1864 2955 causae
1879 2909 1906 2953 ,
1971 2847 2334 2956 primum
2406 2873 2615 2933 mors
2690 2850 3058 2940 Editoris
3076 2919 3103 2963 ,
3178 2861 3451 2946 deinde
3502 2879 3689 2952 tem-

949 3046 1160 3141 pora
1189 3026 1504 3138 publice
1538 3026 2070 3141 privatimque
2145 3023 2562 3109 literarum
2612 3023 2897 3132 studiis
2955 3030 3433 3119 incommoda
3454 3094 3481 3137 ,
3562 3035 3690 3123 de·

961 3204 1193 3313 nique
1259 3204 1427 3315 ipsa
1491 3205 1740 3311 operis
1818 3202 2252 3313 abfhlvendi
2329 3205 2539 3290 ratio
2559 3263 2589 3309 ‚
2696 3230 2892 3314 quae
2968 3208 3167 3291 mihi
3232 3232 3551 3295 manum
3616 3212 3689 3299 ei

959 3372 1320 3455 ultimam
1399 3398 1440 3453 e
1523 3364 1870 3479 defuncti
1951 3370 2345 3455 voluntate
2419 3372 2812 3479 adiecturo
2882 3376 3023 3460 diu
3100 3393 3429 3463 mentem
3511 3397 3677 3459 am·

959 3540 1274 3645 biguam
1314 3534 1590 3617 habuit
1607 3592 1634 3635 ,
1693 3556 2089 3639 meumque
2104 3532 2670 3641 progrediendi
2682 3532 3030 3640 studium
3072 3542 3435 3631 cohibuit.
3491 3544 3679 3629 Non

953 3732 1236 3815 queror
1251 3766 1278 3807 ‚
1361 3702 1567 3810 quod
1615 3683 1922 3806 parat’a
1983 3702 2292 3801 quidem
2361 3704 2608 3783 omnis
2661 3700 3022 3831 Indicum
3079 3707 3417 3821 materia
3436 3764 3463 3805 ,
3527 3706 3687 3811 fi‘d

957 3900 1112 3959 non
1175 3872 1474 3977 digesta
1539 3880 1741 3951 erat.
1851 3861 2228 3945 Poteram
2307 3864 2515 3947 enim
2582 3864 2987 3970 digerendi
3038 3864 3299 3949 labore
3324 3862 3673 3975 fungens

697 4134 708 4141 .
797 4088 812 4101 =
937 4040 1048 4151 sic
1099 4038 1331 4149 officio
1385 4040 1876 4150 satisfacere.
1987 4038 2260 4145 Itaque
2302 4035 2578 4145 statim
2633 4062 2727 4123 ac
2784 4040 3136 4125 lubenter
3216 4068 3293 4127 eo
3334 4032 3672 4149 functus

934 4222 1146 4331 sitm.
1238 4221 1384 4303 Aa
1430 4220 1832 4303 molestum
1877 4220 2131 4325 magis
2183 4235 2258 4303 et
2278 4220 2639 4329 scrupuli
2654 4220 2979 4331 plenum
3031 4220 3167 4301 hoc
3200 4233 3375 4301 erat
3388 4278 3415 4319 ,
3471 4214 3678 4323 quod

945 4382 1531 4489 Obfhrvationes
1573 4399 1654 4465 et
1700 4384 1958 4469 Notas
1988 4382 2300 4491 Bofthii
2341 4386 2458 4469 ad
2491 4383 2829 4491 quinque
2846 4383 3318 4488 posteriores
3370 4380 3667 4464 Antho-

947 4556 1198 4665 logiae
1251 4554 1496 4641 libros
1561 4560 1990 4645 maximam
2023 4574 2342 4671 partem
2384 4550 2766 4665 adfectas,
2824 4576 2981 4639 non
3024 4548 3423 4663 perfhctas
3460 4551 3666 4635 inve·

3506 4739 3663 4797 me·

2237 5560 2457 5650 37ss
