4750 6000
1408 638 2518 712 HIERONYMIDE
2606 617 3197 716 Bosc,11.'
3596 663 3677 712 ιιι

821 866 954 932 qne
1009 846 1154 912 item
1217 835 1584 922 quotidiano
1641 859 1712 906 ac
1763 841 2112 908 domestico
2181 843 2472 924 exemplo
2533 855 2781 908 omnem
2852 851 2917 904 et
2973 838 3267 905 virtutem
3334 849 3397 902 et
3444 837 3663 905 huma·

825 1001 1082 1068 nitatem
1155 990 1464 1071 disceret,
1527 989 1732 1070 primo
1787 1009 1970 1056 avum
2038 1003 2411 1072 paternum,
2476 990 2981 1074 Hieronymum,
3066 987 3267 1054 virum
3328 988 3652 1056 sanctissi-

827 1165 1042 1227 mum,
1088 1159 1272 1226 quem
1319 1136 1538 1204 eximia
1588 1139 1738 1204 artis
1797 1137 2363 1206 medicamentariae
2419 1138 2681 1220 peritia,
2748 1157 2863 1208 nec
2924 1141 3135 1206 minus
3202 1157 3443 1209 morum
3505 1143 3660 1208 inte-

829 1296 1064 1380 gritas,
1125 1293 1280 1356 adeo
1327 1286 1574 1353 civibus
1627 1285 1760 1353 suis
1832 1287 2419 1367 commendaverat,
2487 1301 2557 1352 ut
2618 1303 2787 1354 esset
2847 1288 3226 1356 incredibilis
3296 1291 3433 1356 eius
3489 1296 3655 1376 apud

827 1461 1042 1511 omnes
1097 1439 1331 1525 gratia3
1399 1440 1564 1506 unde
1623 1437 2134 1529 splendidissimo
2197 1455 2451 1504 munere
2526 1435 2797 1519 Collegii
2850 1433 3137 1521 Medici,
3226 1443 3400 1522 quod
3466 1463 3659 1512 voca.

830 1593 1022 1672 bant,
1067 1583 1496 1672 InspectoriS,
1551 1587 1796 1654 iuvenis
1855 1586 2004 1652 olim
2061 1604 2322 1657 ornatus
2364 1611 2400 1657 a
2451 1583 2892 1668 Consulibus,
2938 1588 3003 1654 id
3046 1607 3156 1671 per
3196 1591 3647 1679 quinquaginta

827 1763 1030 1812 annos
1083 1743 1149 1807 in
1209 1755 1536 1808 extremam
1591 1755 1802 1818 usque
1879 1753 2259 1806 senectutem
2321 1741 2585 1806 maxima
2654 1757 2799 1804 cum
2872 1741 3051 1806 laude
3112 1740 3345 1824 gessit3
3432 1745 3649 1810 deinde

825 1907 1130 1974 patruoS,
1171 1888 1344 1956 viros
1395 1903 1528 1955 tum
1589 1890 1940 1973 honestos,
2005 1901 2140 1952 tum
2197 1887 2561 1970 ingeniosos
2609 1886 2945 1972 inprimis,
2990 1889 3330 1958 Henricum
3384 1913 3451 1960 ac
3505 1895 3651 1962 Ber-

832 2043 1136 2122 nardum,
1199 2053 1536 2120 utrumque
1571 2043 1844 2122 poeseos
1881 2039 2168 2124 Belgicae
2215 2039 2395 2106 laude
2433 2035 2710 2121 clarum,
2758 2040 3041 2120 quamvis
3104 2042 3217 2108 hac
3256 2059 3427 2124 parte
3462 2049 3655 2130 major

824 2209 990 2261 esset
1048 2190 1312 2258 iunioris
1373 2190 1666 2256 Bernardi
1713 2190 1928 2275 fama,
2015 2204 2088 2258 ut
2142 2205 2359 2258 contra
2430 2187 2771 2254 Henricum
2849 2187 2999 2254 artis
3054 2189 3377 2274 Medicae,
3464 2213 3651 2276 quam

827 2344 1196 2426 exercebat,
1260 2339 1642 2424 aliarumque
1715 2359 1916 2408 rerum
1985 2343 2152 2410 haud
2226 2336 2503 2423 vulgaris
2576 2335 2838 2404 scientia
2900 2338 3172 2406 nobilem
3248 2361 3391 2424 prae
3462 2342 3649 2412 fratre

823 2493 1112 2561 faciebat.
1205 2490 1366 2554 Puer
1423 2491 1774 2554 secundum
1833 2503 2118 2569 parentes
2178 2486 2521 2567 plurimum
2581 2486 2687 2553 his
2754 2487 3043 2572 cognatis
3096 2491 3279 2575 suis,
3344 2513 3465 2562 avo
3528 2513 3655 2560 ma-

821 2643 990 2710 xime
1057 2653 1406 2719 patruoque
1479 2636 1798 2716 Henrico,
1866 2632 2204 2700 tribuebat.
2286 2633 2508 2716 Itaque
2578 2635 2759 2702 facile
2804 2635 2927 2704 sibi
2996 2637 3349 2718 persuaderi
3420 2659 3647 2722 passus

821 2806 966 2871 est,
1017 2799 1086 2852 ut
1141 2787 1206 2852 in
1243 2785 1488 2850 avitam
1551 2799 1998 2866 paternamque
2055 2799 2244 2853 artem
2303 2785 2780 2865 institueretur,
2839 2784 2937 2850 avi
2988 2784 3053 2850 in
3100 2782 3341 2852 officina
3380 2785 3651 2868 primum

821 2939 1120 3018 adiutor,
1165 2937 1386 3004 deinde
1441 2953 1775 3001 successor
1819 2931 2114 3020 futurus;
2167 2949 2362 3018 utque
2403 2937 2657 3005 doctius
2704 2950 2768 3003 et
2818 2934 3033 3001 maiori
3084 2951 3226 2999 cum
3291 2935 3469 3002 laude
3526 2937 3647 3005 hoc

823 3091 1046 3177 agendi
1103 3085 1404 3153 rationem
1461 3084 1540 3150 ab
1597 3100 1880 3151 accurata
1924 3080 2282 3155 Latinarum
2337 3086 2649 3153 literarum
2706 3086 3035 3170 disciplina
3085 3100 3343 3167 peteret.
3428 3088 3647 3171 Itaque

826 3243 1096 3309 mittitur
1155 3256 1614 3305 nrssRoNYMus
1671 3238 1735 3303 in
1792 3238 2068 3305 scholas.
2159 3234 2256 3301 lbi
2321 3239 2608 3317 quamvis
2664 3237 3085 3335 probabilia,
3129 3254 3259 3303 non
3342 3242 3648 3321 praeclara

825 3403 1032 3454 tamen
1089 3386 1222 3451 eius
1295 3382 1468 3449 initia
1539 3381 1820 3449 fuerunt.
1931 3382 2328 3467 Apparebat,
2408 3405 2547 3451 eum
2621 3387 2684 3453 in
2737 3386 3127 3451 addiscendis
3194 3387 3389 3455 literis
3458 3394 3653 3477 magis

825 3537 1030 3617 adhuc
1083 3534 1403 3614 aliorum,
1483 3551 1670 3613 quam
1750 3551 1936 3599 suum
2006 3532 2216 3643 ‘ipsius
2285 3533 2587 3601 iudicium
2664 3538 2871 3617 sequi.
2980 3538 3415 3619 praeceptores
3492 3542 3652 3609 nihil

830 3684 1064 3767 ferme,
1129 3685 1302 3767 quod
1361 3679 1918 3761 reprehenderent,
1980 3680 2328 3763 habebant,
2393 3685 2585 3749 multa
2643 3686 2843 3762 adeo,
2898 3696 3057 3763 quae
3114 3686 3471 3753 laudan-ente
3521 3704 3659 3757 tan·

835 3852 1017 3915 quam
1073 3818 1372 3898 summam
1437 3831 1500 3895 in
1554 3829 1862 3897 audiendo
1912 3828 2344 3913 sedulitatem,
2392 3830 2459 3898 in
2510 3830 3005 3914 ‚obtemperando
3057 3832 3463 3915 modest-iam,
3512 3854 3655 3923 erga

829 4006 904 4052 se
967 3983 1466 4063 observantiam,
1549 3998 1692 4063 erga
1762 3977 2236 4062 condiscipulos
2301 3980 2639 4045 lenitatem.
2740 3974 2875 4043 Soli
2923 3996 3293 4061 progressus
3340 4001 3492 4051 non
3562 3986 3668 4069 illiv

833 4148 1050 4215 erant,
1120 4152 1284 4217 quos
1337 4150 1372 4197 a
1434 4148 1630 4212 puero
1693 4144 1818 4193 tam
1871 4126 2074 4195 felicis
2133 4127 2362 4193 indolis
2430 4138 2847 4208 exspectares.
2932 4128 3051 4195 Vel
3100 4132 3317 4213 potius
3373 4133 3475 4201 illa
3528 4151 3653 4205 tam

831 4282 983 4347 Felix
1046 4282 1288 4349 indoles
1350 4294 1822 4365 praeceptorum
1885 4281 2224 4361 plerosque
2291 4274 2613 4359 fugiebatz
2678 4294 2883 4359 neque
2959 4279 3121 4347 enim
3194 4281 3477 4349 cuiusvis
3548 4300 3649 4351 est

837 4435 1095 4502 latentes
1173 4435 1238 4499 in
1307 4446 1644 4513 puerorum
1714 4429 1936 4497 animis
2005 4427 2306 4493 virtutum
2378 4426 2693 4509 igniculos
2766 4424 3111 4507 perspicere
3178 4438 3239 4487 et
3290 4442 3655 4509 perspectos

843 4585 1136 4653 excitare,
1214 4554 1374 4651 Puer
1427 4579 1792 4647 inferiorum
1867 4576 2183 4645 classium
2233 4574 2435 4660 spatia
2500 4592 2835 4654 emensus,
2900 4573 2985 4639 ita
3043 4572 3285 4651 tandem
3347 4572 3413 4639 iu
3468 4575 3655 4643 disci·

839 4732 1070 4817 plinam
1123 4736 1294 4802 venit
1341 4729 1605 4813 Wilpii‚
1653 4730 1764 4821 qni
1803 4730 2152 4796 Conreetor
2212 4726 2532 4791 Secundae
2586 4734 2883 4805 praeerat.
2970 4718 3086 4785 Vir
3136 4719 3237 4785 ille
3274 4742 3417 4790 cum
3458 4728 3650 4815 insig-

839 4882 1000 4949 niter
1055 4882 1336 4963 doctus,
1425 4898 1559 4948 tum
1636 4894 1700 4943 et
1761 4876 2212 4957 dignoscendis
2299 4870 2769 4951 formandisque
2854 4868 3305 4951 discipulorum
3384 4872 3649 4957 ingeniis

2129 5025 2166 5064 *
2210 5044 2252 5088 2
3545 5042 3649 5106 pe.
