4750 6000
1263 562 3038 643 'H1ERONYMIDEBOSCH.
3500 581 3619 632 xnt

761 770 993 838 xander
1039 768 1142 834 ille
1194 751 1524 854 Magnus,
1581 770 1682 835 cui
1730 767 2020 853 profecto
2066 767 2250 834 animi
2295 765 2709 834 humilitatem
2762 783 2949 831 nemo
3008 755 3357 838 obiecerit,
3414 771 3605 840 capto

751 915 915 984 inter
975 912 1180 1024 spolia
1235 911 1409 978 Darii
1477 908 1762 990 scrinio,
1824 908 1995 990 quod
2052 922 2180 971 erat
2250 906 2819 990 praestantissimae
2872 917 3009 1010 tum
3067 898 3217 965 artis
3276 910 3408 963 tum
3472 917 3604 968 ma·

751 1057 986 1134 teriae,
1053 1047 1260 1118 varios
1327 1046 1469 1112 eius
1533 1063 1689 1111 usus
1770 1042 1989 1108 amicis
2052 1042 2681 1127 demonstrantibus,
2758 1040 2886 1105 imo
2959 1001 3271 1116 Hercule,
3348 1037 3604 1122 inquit,

749 1203 1052 1268 librorum
1125 1196 1385 1262 Homeri
1447 1193 1773 1260 custodiae
1837 1193 2062 1272 detur,
2151 1204 2223 1255 ut
2285 1189 2816 1276 pretiosissimum
2878 1185 3133 1258 humani
3195 1184 3384 1252 animi
3442 1200 3607 1266 opus

753 1362 994 1450 quam
1003 1335 1264 1403 maxime
1325 1331 1520 1400 divite
1585 1347 1774 1442 opere
1851 1326 2171 1395 servetur!
2263 1327 2417 1393 Erat
2479 1325 2720 1408 igitur,
2789 1341 2858 1390 ιιι
2922 1343 3279 1392 noscmuat
3348 1340 3604 1408 quoque

754 1485 1097 1554 faterentur
1153 1501 1370 1550 omnes
1442 1481 1608 1546 haud
1667 1478 1732 1544 in
1788 1478 1904 1544 alia
1970 1494 2038 1543 re
2097 1474 2319 1542 melius
2386 1441 2694 1542 collocare
2753 1437 3041 1562 potuisse
3108 1491 3291 1540 suum
3352 1471 3418 1536 id
3476 1471 3606 1534 lau-

751 1633 1025 1701 titiarum
1074 1630 1400 1712 studium,
1460 1647 1648 1712 quam
1695 1629 1758 1694 in
1809 1626 2244 1728 Bibliotheca,
2313 1642 2471 1707 quae
2519 1640 2651 1690 non
2698 1623 2938 1690 domini
2997 1637 3235 1692 tantum
3297 1624 3601 1700 aedibus,

749 1781 870 1846 sed
921 1780 1042 1862 ipsi
1095 1779 1248 1844 adeo
1304 1777 1443 1842 urbi
1498 1791 1866 1844 ornamento
1929 1791 2141 1856 esset,
2201 1793 2346 1853 cum
2408 1773 2687 1841 certatim
2742 1776 3000 1884 ad‘eam
3054 1774 3370 1841 visendam
3432 1774 3602 1838 cives

753 1939 946 2008 atque
1006 1924 1196 1990 exteri
1251 1940 1720 1994 concurrerent.
1808 1926 1965 1993 Eam
2031 1923 2484 1992 Bibliothecam
2545 1941 2797 1992 mortuo
2855 1925 3114 1993 domino
3164 1921 3421 1993 distrahi
3489 1936 3600 2002 per

753 2071 1107 2138 auctionem
1170 2073 1492 2155 vidimus,
1556 2073 1957 2158 iniquissimo
2023 2089 2351 2158 tempore,
2414 2073 2636 2156 paucis
2704 2073 3140 2155 licitantibus‚
3200 2075 3287 2140 ita
3351 2082 3599 2172 tamena

759 2226 833 2278 ut
876 2231 911 2278 a
959 2209 1141 2295 pretii
1197 2208 1432 2312 vilitate
1487 2209 1684 2278 libros
1743 2226 1876 2276 tum
1940 2211 2163 2278 eximia
2221 2213 2508 2296 ipsorum
2568 2211 2945 2296 praestantia
3005 2207 3356 2282 defenderet
3378 2250 3416 2286 ,,
3468 2217 3603 2268 tum

758 2378 952 2441 vero,
1026 2374 1087 2427 et
1157 2357 1356 2442 magis
1413 2357 1642 2440 etiam,
1722 2358 2000 2426 nominis
2079 2361 2422 2428 Boschiani
2493 2362 2765 2444 caritas,
2830 2363 3057 2448 quod,
3136 2354 3380 2426 tametsi
3447 2354 3607 2420 inter

759 2518 1050 2584 paucos,
1122 2515 1367 2564 summa
1431 2509 1636 2562 tamen
1719 2495 1997 2562 licitandi
2061 2497 2391 2564 aemulatio
2471 2514 2533 2564 et
2613 2501 2939 2567 contentio
3011 2512 3200 2566 esset.
3289 2495 3605 2585 Plerisque

754 2660 1052 2714 nostrum
1116 2643 1496 2712 familiaritas
1562 2645 1994 2712 intercesserat
2045 2665 2192 2713 cum
2251 2646 2375 2713 illis
2436 2648 2661 2732 libris,
2724 2649 2897 2730 quod
2950 2644 3215 2714 libenter
3272 2653 3601 2710 noscmus

757 2797 954 2854 notos
1020 2783 1145 2851 sibi
1203 2783 1491 2852 homines
1554 2783 1622 2852 in
1691 2783 2144 2852 Bibliothecam
2203 2785 2587 2858 admitteret.
2677 2785 2961 2866 Omnino
3024 2781 3445 2852 delectabatur
3503 2779 3607 2844 ille

759 2929 1089 3001 hominum
1151 2933 1482 3021 alloquio,
1543 2951 1676 3020 non
1731 2936 2064 3015 doctorum
2123 2937 2363 3021 modo,
2432 2938 2547 3005 sed
2608 2951 2675 3004 et
2726 2935 3127 3005 indoctorum
3153 2977 3180 3013 ,
3238 2927 3431 2994 modo
3488 2922 3605 3029 hoj-

761 3085 1086 3141 nestorum
1165 3092 1237 3141 ac
1303 3074 1662 3161 bonorum3
1728 3091 1792 3144 et
1856 3076 2385 3160 quemadmodum
2452 3076 2623 3160 apud
2698 3076 3006 3159 quosdam
3084 3069 3247 3139 ruris
3326 3065 3606 3133 studium

767 3211 1029 3279 maxime
1084 3214 1418 3323 hominum·
1475 3213 1688 3321 fugam
1743 3236 1814 3285 ac
1868 3218 2238 3323 vitationem
2285 3233 2573 3302 spectat,
2616 3219 2703 3285 ita
2760 3217 2937 3321 urbis
2979 3233 3157 3321 arnor
3208 3213 3273 3281 in
3318 3224 3605 3277 noscfflo

761 3346 924 3457 nihil
980 3352 1177 3459 magis
1236 3370 1422 3435 quam
1469 3352 1762 3437 maiorem
1825 3353 1915 3421 ibi
1971 3353 2224 3453 socialis
2277 3349 2442 3421 vitae
2502 3356 3040 3438 opportunitatem
3091 3368 3153 3421 et
3194 3350 3607 3437 frequentiam

761 3464 1116 3580 spectabat.
1203 3490 1432 3574 Neque
1487 3505 1794 3559 amantem
1854 3510 1996 3561 eum
2056 3494 2125 3560 in
2189 3494 2343 3560 urbe
2399 3494 2658 3560 domum
2740 3512 2914 3561 suam
2974 3512 3151 3579 aegre
3210 3492 3369 3559 ferre
3434 3494 3611 3577 quis-

769 3652 955 3719 quam
1001 3604 1302 3718 'poterat‚
1359 3658 1506 3706 cum
1559 3658 1795 3727 pateret
1849 3662 1919 3711 ea
1979 3644 2208 3713 domus
2275 3644 2604 3711 omnibus.
2693 3642 2857 3708 Nam
2927 3645 3071 3725 quis
3134 3658 3411 3724 unquam
3474 3639 3608 3703 eius

770 3773 1047 3844 difficiles
1116 3777 1324 3847 aditus
1394 3796 1687 3864 expertus
1753 3760 1904 3849 es‘t?
1993 3781 2124 3851 Cui
2195 3801 2475 3869 unquam
2559 3800 2903 3897 {oscarus
2940 3828 2968 3867 ,
3054 3778 3341 3864 quamvis
3404 3777 3606 3845 alieno

771 3934 1057 4007 tempore
1117 3931 1194 3995 ad
1247 3949 1318 3995 se
1368 3931 1692 4015 venienti,
1750 3934 2002 4021 vultum
2062 3948 2298 4001 trucem
2361 3948 2472 4003 aut
2533 3935 2825 4001 tetricum
2882 3931 3206 4001 ostendit?
3292 3926 3611 4012 Liquebat

769 4080 914 4127 eum
974 4084 1050 4131 ex
1113 4068 1587 4139 humanioribus
1665 4072 1894 4139 studiis
1964 4044 2126 4160 nihil
2195 4076 2443 4177 avidius
2511 4077 2802 4189 hausisse
2872 4095 3059 4159 quam
3136 4073 3603 4141 humanitatem.

775 4152 1159 4291 Frequenter
1222 4222 1289 4275 ut
1334 4226 1442 4275 ore
1503 4210 1892 4295 usurpabat,
1955 4214 2040 4282 ita
2083 4232 2152 4279 re
2209 4214 2516 4339 probabat
2580 4182 3031 4287 Terentianum
3094 4213 3290 4279 illud·
3356 4208 3608 4274 homo

778 4367 1006 4434 sum,
1082 4355 1429 4423 humani
1489 4359 1721 4425 nihil
1781 4380 1856 4427 a
1881 4381 1998 4427 me
2067 4330 2453 4433 alienum
2522 4379 2761 4449 puto.
2860 4363 2991 4447 Qui
3061 4360 3369 4443 proinde,
3426 4349 3606 4415 solus

772 4506 920 4554 cum
985 4497 1159 4571 erat,
1215 4492 1443 4558 librum
1515 4512 1759 4580 semper
1817 4513 1924 4566 aut
1981 4501 2282 4569 calamum
2351 4502 2419 4568 in
2474 4500 2769 4567 manibus
2842 4499 3145 4581 habebat,
3214 4496 3423 4577 idem,
3503 4497 3614 4562 ad·

779 4633 1082 4704 venientis
1136 4636 1414 4723 hominis
1448 4639 1536 4751 'in
1573 4645 1904 4757 gratiam,
1964 4664 2256 4738 prompte
2318 4614 2563 4773 semper
2606 4664 2685 4749 ¹et
2748 4650 2915 4716 hunc
2974 4663 3037 4714 et
3095 4647 3267 4712 illum
3327 4665 3360 4712 e
3416 4644 3609 4717 mani·

2078 4800 2226 4847 *¹⁸¹*
2273 4823 2312 4867 2
3491 4795 3615 4861 bus
