4750 6000
1375 549 1506 626 166
2319 519 2443 624 'L.
2491 574 2558 640 7.
2600 555 2733 641 Ep.
2788 511 2907 640 178
2936 588 3027 608 -
3055 561 3201 643 189.

1457 726 1586 807 Ep.
1643 727 1788 804 178.
1835 725 2028 805 Apud
2065 722 2449 792 Brunckium
2496 721 2688 792 Tom.
2728 745 2787 791 2.
2837 745 2906 808 p.
2948 745 3097 811 399.
3141 726 3373 809 legitur
3414 729 3575 796 inter
3622 729 4057 818 Epigtamma·

1377 854 1440 906 ta
1493 837 1740 904 Rufini.
1801 837 2045 905 Confer
2113 839 2266 904 illud
2321 859 2579 924 quoque
2640 842 2803 909 inter
2842 843 2957 908 alia
3014 842 3307 908 citantem
3358 843 3923 914 Mitscherlichium
3977 825 4055 916 {d

1376 955 1622 1022 Horatii
1671 953 1823 1021 Lib.
1871 974 1938 1036 4.
1986 954 2112 1023 Od.
2161 973 2263 1018 10.
2311 952 2420 1020 ubi
2472 977 2533 1030 v.
2582 979 2641 1024 2·
2690 977 2805 1042 piso
2840 957 3067 1046 pluma
3094 955 3438 1046 superbiae
3481 979 3625 1028 cum
3673 963 4050 1032 Marklando

1374 1074 1454 1137 ad
1497 1071 1820 1154 Euripidis
1868 1070 2200 1152 Supplices
2245 1089 2312 1153 Ρ.
2363 1089 2515 1158 259.
2566 1075 2773 1140 malim
2810 1091 3016 1162 poena
3055 1070 3418 1161 superbiae.
3480 1073 3824 1160 Legendus
3864 1081 4045 1146 etiam

1373 1187 1667 1254 Eldikius
1713 1185 2068 1269 Suspicion.
2118 1186 2394 1269 specim.
2432 1207 2501 1270 p.
2544 1193 2650 1272 38.
2736 1209 2802 1254 v·
2850 1209 2912 1254 2.
2960 1192 3198 1267 λύγδου.
3238 1186 3403 1253 Vide
3440 1207 3599 1271 quae
3642 1191 3927 1259 dedimus
3974 1194 4051 1258 ad

1369 1303 1525 1372 Lib.
1571 1326 1639 1386 4.
1687 1303 1777 1370 T.
1833 1323 1939 1371 12.
1985 1303 2116 1387 Ep.
2174 1319 2319 1385 125·
2406 1323 2471 1370 v.
2518 1324 2589 1386 4.
2634 1307 2848 1388 αὐχέσι
2894 1305 3310 1389 mismalvas,
3354 1326 3519 1391 quac
3562 1327 3730 1374 nunc
3772 1309 4051 1375 humet-ie

1369 1423 1718 1490 {molitam
1753 1441 1963 1487 comae
2007 1418 2309 1503 Horatius
2354 1419 2398 1498 l,
2447 1439 2507 1484 c·
2562 1435 2629 1486 v.
2670 1409 2746 1504 ᾗ.

1450 1537 1584 1619 ΕΡ.
1632 1554 1781 1618 179.
1825 1553 1895 1600 v·
1947 1553 2006 1600 1.
2051 1537 2231 1614 λύχνε
2275 1533 2395 1610 τρὶς
2440 1535 2717 1614 emam·
2760 1533 3036 1602 Ovidius
3056 1533 3319 1603 Hei-oid.
3360 1537 3490 1620 Ep.
3524 1557 3626 1620 19.
3658 1555 3727 1604 v.
3756 1535 4044 1621 151.seq.

1805 1651 2107 1716 Sternuit
2151 1660 2212 1711 et
2256 1645 2467 1712 lumen
2512 1649 2546 1731 (
2554 1648 2750 1734 posito
2792 1669 2941 1714 nam
2974 1650 3315 1732 skribt‘mus
3358 1651 3508 1735 illo)

1891 1767 2189 1832 Sternuit
2233 1777 2294 1828 ct
2337 1764 2511 1829 nobis
2544 1779 2857 1852 prospera
2888 1765 3075 1852 signa
3116 1765 3317 1835 dedit.

1373 1883 1540 1952 Vide
1570 1883 2000 1950 Burmannum
2039 1881 2399 1948 Secundum
2429 1881 2507 1946 ad
2544 1879 2830 1961 Propert.
2866 1879 3020 1946 Lib.
3052 1902 3120 1961 4.
3160 1883 3263 1948 El.
3300 1903 3359 1966 3.
3390 1903 3461 1950 v.
3500 1899 3607 1967 59.
3694 1901 3770 1948 v.
3821 1903 3885 1968 3.
3924 1881 4047 1950 Pro

1367 2005 1526 2084 ἄναξ
1598 1999 1950 2069 Brunckius
2037 1989 2235 2080 ἅπάξ.
2301 1995 2425 2064 Sed
2494 1997 2638 2064 vide
2686 2013 2848 2080 quae
2904 1995 3265 2081 scripsimus
3320 2000 3405 2065 ad
3453 1998 3539 2066 L.
3600 2020 3664 2065 2.
3734 1997 3871 2066 Tit.
3936 2019 4041 2084 13.

1373 2117 1501 2202 Ep.
1566 2139 1668 2185 11.

1459 2237 1593 2318 ΕΡ.
1645 2236 1795 2299 181.
1838 2251 1909 2298 v.
1957 2250 2024 2297 2.
2070 2229 2182 2296 Bt.
2225 2255 2355 2304 ‹rnu-

1448 2349 1582 2433 Ep.
1638 2351 1783 2415 182·
1819 2365 1892 2415 v.
1941 2361 2004 2430 5.
2049 2347 2119 2413 6.
2177 2343 2332 2410 Vid.
2379 2334 2569 2412 Bern.
2627 2341 2895 2411 Martini
2931 2342 3087 2410 Var.
3132 2340 3324 2412 Lect.
3377 2341 3533 2411 Lib.
3592 2364 3659 2408 2
3720 2361 3863 2426 cap.
3921 2365 4035 2413 ιο.
4062 2355 4073 2364 ·

1370 2487 1444 2552 1³·
1499 2487 1647 2548 107·

1458 2583 1593 2666 Ep.
1648 2585 1796 2666 183.
1839 2597 1908 2647 V.
1978 2595 2040 2661 3.
2095 2573 2391 2658 Ὲλπῖζειν
2427 2569 2625 2655 ἕξεως
2669 2575 2857 2658 ζητεῖς
2896 2571 2963 2640 δέ
3002 2570 3085 2638 τὶ.
3141 2571 3307 2640 vide
3366 2571 3711 2639 Burmann.
3770 2572 4041 2642 Secund.

1371 2698 1456 2764 ad
1490 2697 1786 2780 propert.
1843 2691 1997 2761 Lib.
2061 2711 2126 2758 α.
2181 2687 2293 2756 El.
2351 2689 2456 2753 18.
2512 2707 2587 2755 v.
2646 2705 2753 2771 57.
2812 2685 2923 2753 ubi
2974 2687 3205 2756 Douza
3242 2687 3413 2756 filius
3450 2687 3709 2773 corrigit
3753 2685 4047 2773 Ἐλπίζειν

1371 2811 1524 2892 ἷξες*
1571 2811 1753 2883 αἰτεῖς
1793 2811 1854 2880 33
1893 2813 1998 2892 vl,
1974 2827 1992 2846 ·
2043 2801 2401 2873 Brunckius
2442 2801 2741 2886 Ἐλπίζω
2776 2801 2967 2882 {enm
2990 2805 3203 2877 Θέλεις
3232 2811 3293 2878 δέ
3309 2828 3410 2890 τις
3430 2805 3700 2878 Grotius
3730 2803 3893 2892 quid
3909 2806 4046 2872 w’s?

1373 2937 1444 2988 v.
1481 2939 1561 3005 4.
1604 2920 1716 2988 Bt.
1759 2923 2000 2994 δύνασαι
2041 2937 2212 2990 recte
2253 2933 2317 2988 et
2360 2915 2445 2984 fic
2487 2917 2641 2988 Ald.
2685 2917 2791 2987 Pr.
2836 2913 2991 2983 Em.
3034 2932 3098 2983 et
3142 2917 3281 2999 Sec,
3324 2923 3415 2993 At
3456 2925 3586 2994 Ed.
3606 2923 3715 2992 Pr.
3741 2925 3995 3007 δύναμιν
4018 2963 4049 3003 .

1377 3037 1560 3121 quod
1599 3048 1664 3101 et
1703 3034 1982 3107 Grotius
2024 3034 2347 3123 expresfit.

1463 3155 1595 3236 Ep.
1650 3156 1796 3235 184.
1858 3157 2419 3224 ΛΡΓΕΝΤΑΡΙΟΤ
2472 3146 3284 3237 etGruteriExemplum·
3398 3152 4049 3231 ν.1.Β1-.δΜηνε-
4166 3160 4173 3167 ’

1373 3272 1580 3351 φίλα,
1627 3282 1690 3334 et
1733 3270 2034 3355 aumati-
2142 3284 2212 3333 v.
2263 3282 2326 3348 3.
2392 3262 2656 3332 Gruteri
2706 3264 3136 3353 Exemplum,
3182 3269 3459 3338 Salmafii
3510 3269 3943 3339 annotatione·
3980 3281 4047 3334 et

1375 3381 1734 3453 Brunckius
1765 3386 1956 3454 Ἀλλ’
1991 3382 2108 3455 ἴτε.
2143 3381 2421 3467 Grotius„
2465 3382 2648 3447 etiam
2692 3384 2960 3453 reddidit
3002 3388 3304 3454 accedite.

1460 3505 1594 3588 Ep.
1649 3505 1798 3585 185.
1859 3508 2352 3569 ΦΙΛΟΔΗΜΟΤ
2402 3510 2467 3563 et
2516 3494 2781 3565 Gruteri
2834 3500 3242 3585 Exemplum.
3376 3522 3445 3571 v.
3512 3521 3577 3589 3.
3636 3500 3748 3567 Br.
3807 3498 3941 3567 nav
3980 3510 4047 3564 et

1297 3682 1313 3689 -
1376 3622 1645 3705 δρεθίζειν.
1709 3616 1858 3683 Hoc
1912 3614 2148 3681 habent
2199 3614 2389 3681 etiam
2448 3612 2726 3681 Salmafii
2772 3616 3262 3686 Annotationes.
3352 3638 3424 3685 v.
3464 3638 3535 3701 4.
3580 3616 3746 3685 Vide
3774 3610 4046 3701 Jacobfii

1373 3748 1562 3802 notas
1614 3735 1692 3799 ad
1743 3730 2014 3799 Luciani
2061 3732 2194 3813 Ep.
2248 3750 2310 3798 1.
2365 3750 2437 3814 Ρ.
2486 3748 2641 3811 411.
2696 3731 2823 3798 Pro
2876 3736 2965 3814 μὺ
3004 3738 3131 3804 θέλε
3179 3733 3455 3801 Salmafii
3495 3731 3935 3801 annotationes
3980 3742 4047 3795 et

1373 3860 1442 3912 et
1477 3846 1834 3913 Brunckius
1871 3871 1956 3914 σοι
1996 3849 2164 3923 θέλε,
2205 3845 2387 3925 quod
2416 3845 2792 3929 recepimus.
2921 3866 2994 3913 v.
3042 3861 3109 3929 5.
3164 3846 3279 3914 Bt.
3336 3849 3500 3919 τοῦτ’
3530 3828 3731 3931 ἕβόῳν.
3860 3860 3933 3911 v·
3976 3860 4047 3925 1.

1371 3962 1644 4045 βαΰζεις.
1685 3955 1960 4025 Salmafii
1990 3954 2429 4021 annotationes
2474 3969 2539 4021 et
2578 3956 2935 4025 Brunckius
2972 3960 3235 4044 βαΰζοις.
3304 4024 3313 4030 .

1461 4075 1594 4158 ΕΡ.
1647 4077 1791 4142 186.
1839 4064 1948 4143 De‘
1987 4072 2112 4139 hoc
2171 4070 2677 4155 Epigrammate‚
2721 4074 2899 4155 quod
2936 4074 3101 4141 inter
3139 4072 3596 4141 Anacreontica
3630 4070 3866 4157 legitur
3904 4068 4039 4139 Ed.

1301 4230 1338 4255 ,·
1369 4190 1642 4261 namefii
1677 4193 1805 4262 Od.
1841 4208 1952 4276 59.
1987 4209 2059 4273 Ρ.
2096 4208 2248 4256 202.
2285 4186 2430 4253 vide
2470 4186 2736 4255 Cerdnm
2775 4190 2855 4256 ad
2890 4188 3143 4277 Virgilii
3180 4191 3449 4258 Aeneid.
3485 4190 3573 4257 L.
3608 4208 3671 4261 1.
3714 4204 3783 4253 v.
3822 4198 3975 4271 753.

1459 4308 1592 4391 Ep·
1643 4312 1791 4390 187.
1837 4324 1910 4373 v.
1959 4326 2021 4373 1.
2067 4302 2427 4371 Brunckius
2477 4328 2545 4371 u
2584 4304 2757 4375 olm
2796 4319 2862 4373 et
2900 4312 3100 4388 Φίλων.
3774 4340 3781 4345 -

1459 4418 1592 4507 Ep.
1643 4426 1791 4491 188.
1835 4421 2029 4505 Apud
2059 4412 2451 4487 Brunekium
2484 4414 2551 4484 T
2552 4436 2683 4489 om.
2720 4440 2788 4488 ι.
2825 4438 2898 4505 Ρ
2934 4422 3084 4508 346.
3138 4420 3372 4507 legitur
3418 4416 3585 4487 inter
3610 4416 4044 4504 Epigramma·

1371 4552 1437 4607 ta
1479 4538 1804 4606 Numenii.

1459 4654 1592 4736 Ep.
1646 4658 1791 4736 189.
1834 4652 1935 4719 De
1963 4648 2090 4716 boc
2118 4646 2584 4733 Epigrammate
2614 4650 2762 4720 vide
2800 4650 3203 4719 d’Orvillium
3244 4648 3481 4717 Vanno
3514 4646 3741 4715 CritIc.
3766 4663 3840 4731 Ρ.-
3885 4654 4033 4727 175.

1378 4766 1574 4853 Apud
1603 4766 1990 4840 Brunckium
2021 4763 2253 4851 legitur
2289 4756 2789 4839 interlcarmim
2824 4766 3129 4853 Meleagri
3171 4762 3369 4835 Tom.
3422 4782 3485 4833 1.
3528 4783 3601 4849 Ρ.
3652 4782 3767 4831 22.
3896 4868 3957 4939 Ε

3957 4888 4029 4956 Ρ.
