4750 6000
1302 604 3001 679 HIERONYMIDEBOSCH.
3420 628 3593 679 xxm

737 831 922 898 quem
992 823 1198 876 tamen
1261 806 1542 874 fructum
1609 823 1652 868 e
1705 806 2028 888 poetarum
2097 819 2417 888 veterum,
2482 807 2843 888 praesertIm
2904 806 3231 892 Homeri,
3290 811 3583 876 carmini·

667 916 679 926 ’
735 949 860 1016 bus
928 967 988 1016 et
1047 953 1338 1034 exemplo
1403 962 1721 1032 caperent.
1811 947 2186 1028 Reportavit
2255 966 2596 1016 noscmus
2660 963 2721 1014 et
2779 948 2901 1014 hoc
2962 948 3349 1032 praemium,
3416 948 3585 1016 edita·
3670 1011 3675 1016 .

738 1100 942 1168 totius
1025 1100 1234 1166 Iliadis
1319 1117 1562 1165 summa
1636 1115 1778 1162 cnm
1865 1096 2172 1162 subiectis
2251 1097 2896 1164 animadversionibus
2934 1143 2961 1178 ‚
3040 1098 3203 1162 unde
3264 1095 3575 1164 discerent

731 1245 950 1312 Batavi
1016 1244 1302 1310 homines
1341 1291 1364 1325 ‚
1435 1259 1740 1326 quantum
1815 1255 1980 1308 esset
2038 1242 2103 1306 in
2170 1240 2509 1308 Homerica
2566 1217 2751 1324 copia
2806 1243 2885 1308 ad
2946 1244 3231 1310 alendum
3292 1241 3570 1308 forman·

731 1395 1015 1476 dumque
1093 1395 1352 1475 poetam-
1421 1393 1716 1460 subsidii.
1832 1392 1994 1458 Sane
2071 1391 2290 1459 factus-
2355 1393 2433 1458 ad
2498 1393 2559 1458 id
2624 1392 2953 1458 videbatur
3026 1411 3363 1460 noscflws
3402 1440 3427 1473 ,
3494 1407 3567 1462 ut

729 1547 992 1615 Homeri
1058 1549 1239 1613 dotes
1297 1564 1376 1610 ac
1427 1541 1819 1610 divinitatem
1879 1544 2184 1610 studiosis
2245 1546 2593 1628 panderet,
2670 1542 2781 1625 qui
2858 1561 2989 1609 non
3050 1546 3243 1612 modo
3302 1559 3573 1612 aetatem

729 1695 794 1763 in
859 1696 994 1762 eius
1053 1694 1322 1762 lectione
1377 1694 1692 1776 trivisset,
1757 1693 1866 1759 sed
1927 1711 2092 1760 unus
2159 1693 2443 1758 omnium
2510 1691 2774 1758 maxime
2833 1707 3063 1775 aptum·
3118 1695 3197 1762 nd
3259 1712 3389 1760 eam
3438 1711 3575 1761 rem·

725 1843 1044 1927 ingenium
1111 1846 1472 1926 attulisset,
1545 1845 1986 1929 incorruptum
2043 1845 2202 1912 illud
2263 1861 2326 1912 et
2388 1846 2657 1928 simplex
2716 1861 2775 1912 et
2836 1846 3148 1930 hilarum,
3230 1866 3293 1915 et
3350 1847 3571 1918 festivi·

728 1987 926 2057 instar
981 1992 1200 2075 pueri,
1257 1994 1499 2057 celeres
1544 1989 1778 2056 habens
1845 2004 2058 2057 motus
2120 2003 2310 2088 atq-ue
2367 1987 2659 2056 affectuS.
2766 1991 2997 2075 Neque
3068 1993 3232 2060 enim
3278 1993 3559 2059 omnium

725 2155 820 2234 est
881 2141 1210 2208 hominum
1278 2143 1532 2225 penitus
1592 2140 1856 2209 Homeri
1918 2138 2216 2211 suavitate
2270 2142 2475 2227 affici3
2536 2142 2638 2208 sed
2682 2142 2931 2210 beatum
2978 2144 3324 2212 iudicamus
3368 2162 3563 2223 eum,¹

717 2307 900 2370 quem
968 2291 1286 2360 Homerus
1355 2295 1536 2362 valde
1595 2296 1858 2378 ceperit.
1974 2296 2322 2362 Boscmus
2400 2297 2651 2378 quidem
2722 2298 2801 2362 ad
2859 2295 3121 2364 Homeri
3178 2298 3557 2365 mentionem

719 2441 927 2506 statim
995 2441 1202 2509 omnis
1256 2445 1566 2525 ardebat3
1642 2446 1733 2508 sic
1804 2463 1956 2510 vero
2031 2447 2108 2510 de
2178 2465 2254 2512 eo
2316 2447 2695 2528 loquebatur
2730 2493 2754 2528 ,
2822 2460 2893 2512 ut
2972 2445 3084 2527 qui
3144 2447 3305 2512 bene
3362 2460 3557 2514 natus
3638 2461 3648 2470 ·

710 2586 1073 2654 adolescens
1132 2591 1320 2653 semel
1375 2591 1741 2673 loquentem
1781 2591 2022 2657 audiret
2055 2639 2082 2673 ,
2155 2591 2469 2661 continuo
2520 2594 2708 2660 simul
2760 2609 2824 2660 et
2877 2594 3143 2662 Homeri
3196 2607 3406 2659 amore
3448 2605 3551 2652 ca»

710 2743 966 2810 peretur
1027 2745 1088 2795 et
1154 2749 1452 2798 noscfflr.

797 2875 998 2942 Facile
1053 2879 1152 2942 vel
1217 2899 1315 2944 me
1379 2895 1618 2948 tacente
1679 2882 2074 2970 intelligitis,
2136 2886 2282 2954 ΛΑ.
2312 2935 2336 2968 ,
2394 2885 2542 2952 huic
2600 2887 2751 2952 talis
2804 2884 3039 2970 ingenii
3100 2885 3235 2954 viro
3290 2885 3543 2970 probari

707 3032 842 3083 non
883 3019 1170 3103 potuisse
1230 3026 1645 3092 recentiorum
1691 3028 2082 3109 quorundam
2149 3027 2572 3110 pervulgatam
2642 3043 2834 3109 super
2888 3023 3075 3091 Iliade
3132 3028 3493 3111 opinionem
3517 3076 3559 3111 ,.

709 3176 844 3227 esse
907 3180 1036 3227 eam
1093 3180 1223 3228 non
1285 3164 1473 3229 unius
1537 3166 1700 3233 vatis
1755 3186 1982 3250 opus,
2061 3168 2174 3233 sed
2235 3186 2270 3230 e
2342 3168 2527 3233 variis
2588 3167 2995 3249 antiquorum
3068 3169 3389 3249 poetarum
3466 3174 3557 3239 de-

705 3302 871 3368 bello
935 3301 1216 3371 Troiano
1271 3304 1652 3371 carminibus
1713 3326 1750 3372 a
1811 3306 2139 3373 Pisistrato
2201 3309 2310 3373 vel⁴
2359 3308 2495 3375 alio·
2527 3307 2861 3390 ingenioso
2920 3306 3175 3375 homine
3234 3309 3299 3375 in
3348 3330 3557 3378 unumz

705 3454 936 3530 corp-us
1021 3444 1360 3514 redactum.
1452 3444 1767 3511 Nimirum
1807 3491 1830 3526 ‚
1911 3446 2221 3527 probetur
2294 3463 2364 3510 ea
2441 3442 2605 3509 forte
2685 3444 2901 3527 opinio
2984 3446 3360 3528 quibusdam
3442 3453 3556 3517 vel:

702 3577 982 3662 argutius
1039 3584 1508 3665 disputantibus
1562 3584 1965 3667 philosophis
2002 3630 2027 3665 ,
2087 3586 2185 3651 vel
2243 3582 2491 3667 singula
2554 3586 2739 3651 verba
2799 3588 2877 3653 ad
2936 3590 3154 3655 vivum
3211 3590 3546 3657 resecanti-

696 3724 820 3791 bus
883 3728 1321 3799 Grammaticis
1359 3778 1384 3813 ,
1456 3734 1614 3798 nulli
1675 3752 1952 3816 unquam
2015 3736 2234 3816 poetae
2271 3778 2295 3815 ,
2368 3736 2470 3799 vel
2530 3738 2845 3817 poeticum
2908 3735 3215 3801 duntaxat
3280 3748 3549 3794 sensum·-

697 3866 952 3934 habenti
1002 3870 1241 3937 homini
1297 3869 1550 3955 probari
1609 3874 1865 3954 poterit.
1949 3872 2292 3939 Boscfflus
2334 3890 2483 3939 vero
2529 3889 2590 3939 et
2642 3875 3005 3940 acerrimum
3052 3868 3317 3937 habebat
3358 3868 3595 3934 illumn-

697 4026 1010 4089 semum,
1081 4023 1141 4076 et
1199 4013 1392 4092 poeta
1455 4010 1590 4093 ipse
1649 4025 1778 4077 erat
1841 4010 2394 4093 venustissimus;
2473 4030 2633 4094 quae
2695 4014 2947 4093 quidem
3027 4016 3161 4081 laus
3228 4015 3323 4081 ita.
3374 4016 3552 4082 inter·

693 4169 926 4222 ceteras
984 4156 1119 4222 eius
1183 4157 1397 4225 laudes
1460 4161 1814 4245 eminebat,
1882 4178 1956 4229 ut
2018 4161 2183 4231 forte
2243 4163 2416 4229 nulla
2489 4165 2615 4229 alia.
2669 4166 2867 4248 magis
2925 4183 3067 4230 eum
3140 4163 3539 4232 commenda-

689 4296 876 4367 verit.
961 4303 1200 4373 Versor
1234 4355 1260 4391 ‚
1334 4311 1481 4379 AA.
1523 4358 1548 4394 ,
1625 4310 1691 4380 in
1754 4332 1819 4379 re
1878 4328 2053 4380 nota.
2146 4312 2312 4399 Quis
2382 4313 2547 4379 enim
2622 4328 2718 4381 est
2788 4312 2854 4379 in
2913 4314 3026 4377 hac
3098 4311 3257 4375 urbe
3316 4308 3545 4393 paullo>

689 4444 1018 4520 honestior
1066 4455 1224 4522 civis
1258 4503 1283 4539 ,
1363 4461 1484 4541 qui.
1536 4480 1669 4529 non
1728 4478 1839 4529 aut⁴
1897 4478 2094 4529 semet
2153 4463 2358 4547 ipsum
2399 4468 2600 4545 ,'aut
2661 4478 2921 4526 suorum
2987 4475 3171 4523 certe·
3214 4458 3537 4535 quendauu

690 4591 1080 4671 familiarium
1108 4652 1138 4689 ,
1179 4608 1391 4691 aliquo
1433 4611 1666 4679 Musae
1709 4610 2102 4682 Boschianae
2144 4633 2400 4681 munere
2441 4614 2803 4680 devinctum
2847 4608 3207 4675 recordetur-
3225 4602 3278 4666 *.2.·
3350 4602 3535 4668 Cum}

687 4739 853 4811 enim
914 4762 1200 4813 noscitu.
1245 4753 1368 4815 vita
1430 4756 1660 4825 multis<
1695 4757 1834 4827 late·
1875 4755 2166 4828 amicitiis
2211 4760 2521 4840 floreret,
2569 4773 2791 4841 neque
2836 4755 2961 4822 ulla
3021 4765 3242 4850 irase-nu⁴
3288 4750 3541 4855 amicos

3370 4914 3527 4963 nunu
