4750 6000
2570 347 2581 386 l

1318 614 2419 710 H1.ERO·N'YM1·DE
2506 564 2999 686 nossem
3380 627 3579 676 mm

727 825 924 906 magis
981 822 1046 888 in
1101 821 1234 886 dies
1289 826 1606 906 torpidum
1661 825 1986 901 evaderet,
2056 821 2260 903 gravis
2307 836 2371 885 et
2415 822 2620 886 iustus
2682 833 2809 888 erat
2870 782 3253 884 medicorum
3308 826 3561 890 metus,

727 970 864 1038 fore
899 1019 921 1052 ,
993 986 1061 1035 ut
1114 970 1178 1042 in
1241 971 1584 1054 hydropem
1647 973 1982 1053 aliquando
2041 971 2367 1038 incideret.
2460 973 2581 1036 Sed
2638 971 2839 1038 virum
2897 967 3208 1050 optimum
3248 963 3561 1046 'inopina-

730 1138 834 1188 tus
888 1127 1076 1186 casus
1109 1118 1423 1187 abstulit.
1511 1120 1675 1185 Cum
1744 1121 1905 1186 enim
1967 1121 2068 1187 ille
2125 1123 2340 1204 primis
2394 1120 2547 1188 ‘anni
2610 1118 2880 1203 proximi
2938 1112 3329 1201 (Mocccxl)
3376 1125 3567 1174 men·

729 1275 905 1340 sibus
961 1273 1104 1338 item
1165 1267 1525 1336 institutum
1585 1271 1738 1337 illud
1797 1265 1981 1338 suum
2039 1289 2358 1355 servaret,
2420 1291 2492 1337 ex
2550 1269 2811 1338 adsidua
2868 1269 2946 1334 ad
2994 1266 3211 1333 focum
3274 1261 3561 1327 sessione

726 1443 866 1491 nata
921 1440 1016 1489 est
1072 1427 1126 1488 ei
1179 1442 1292 1506 per
1353 1425 1516 1508 ignis
1571 1423 1694 1488 vim
1763 1423 1838 1489 in
1889 1425 2116 1491 dextro
2162 1399 2339 1491 crure
2389 1425 2689 1508 pustula,
2760 1439 2954 1502 quam·
3022 1415 3360 1496 scalpendo
3412 1426 3569 1473 eum=

726 1575 792 1642 in
847 1577 1110 1641 modum·
1159 1575 1519 1658 lacessivit,
1579 1590 1650 1641 ut
1698 1590 1904 1643 cutem
1965 1575 2053 1641 ibi
2115 1577 2393 1642 crustula
2457 1575 2800 1674 obtegeret.
2894 1569 3037 1636 Hoc
3094 1569 3159 1631 in
3218 1579 3385 1630 statu
3452 1577 3563 1642 per·

724 1725 967 1806 aliquot
1031 1725 1448 1790 hebdomades
1513 1724 1743 1790 mansit
1803 1728 1939 1792 leve
1997 1731 2276 1809 malum,
2331 1743 2477 1790 eum
2542 1721 3039 1790 ille‘amicorum
3096 1715 3353 1782 monitis
3414 1711 3570 1778 obe-

726 1875 903 1940 diens
967 1897 1002 1940 a
1065 1878 1402 1958 scalpendo
1464 1876 1584 1943 sibi
1641 1893 2030 1960 temperaret.
2119 1877 2328 1945 Nocte
2388 1891 2588 1944 autern
2656 1875 2919 1975 quadam
3002 1870 3065 1934 in
3135 1865 3423 1942 somnis,
3490 1872 3563 1925 ut

723 2017 904 2085 facile
971 2021 1086 2103 fit,
1151 2025 1501 2092 vellicando
1577 2045 1710 2093 eam
1770 2028 2110 2092 crustulam
2182 2009 2449 2091 dimovit
2480 2074 2503 2109 ,
2548 2043 2695 2124 ‘quo
2772 2021 2943 2088 facto
3004 2019 3215 2088 statim
3276 2031 3413 2082 orta
3466 2029 3565 2078 est

723 2173 888 2237 cutis
936 2193 1004 2238 ac
1055 2173 1394 2242 vicinarum
1453 2179 1721 2261 partium
1779 2177 2228 2258 inflammatio,
2287 2179 2445 2242 lenis
2498 2149 2619 2241 illa·
2654 2173 2903 2256 quidem
2955 2173 3183 2249 initio,
3248 2171 3356 2236 sed
3409 2167 3562 2231 adeo

723 2320 952 2382 sensim
1027 2323 1411 2388 invalescens
1447 2369 1472 2404 ‚
1542 2342 1610 2389 ut
1685 2330 2019 2393 accedente
2078 2327 2238 2392 febri
2301 2327 2501 2392 valida
2570 2327 2767 2392 nimis·
2826 2343 2945 2406 pro
3010 2317 3294 2401 eorporis
3356 2333 3573 2382 senes-

721 2464 922 2529 centis
990 2463 1275 2549 viribus,
1336 2469 1604 2553 ipsoque
1671 2471 1864 2536 huius
1924 2486 2168 2547 aquoso
2235 2469 2449 2535 habitu
2517 2473 2743 2537 maium
2805 2485 3113 2552 augente,
3176 2469 3349 2534 brevi
3404 2466 3572 2531 illud:

717 2611 789 2675 in
870 2629 1274 2694 gangraenam
1349 2613 1603 2697 abiret,
1685 2618 1791 2682 cui
1867 2635 2230 2685 succusrere
2308 2601 2541 2685 frustra
2610 2616 2977 2700 peritissimi
3044 2583 3295 2682 Medici·
3353 2613 3573 2682 conati)

720 2777 896 2828 sunt.
986 2765 1204 2846 Itaque
1261 2783 1639 2850 noscmus,
1688 2783 2029 2853 postquam
2081 2771 2387 2837 maximos
2444 2772 2694 2836 dolores
2756 2769 2979 2852 part-im
3028 2787 3103 2832 ex
3152 2768 3295 2848 ipso
3348 2768 3569 2848 maloffi·

719 2912 944 2994 partim
1001 2931 1034 2975 e
1095 2916 1413 2981 curatione
1462 2936 1638 2988 ortos
1693 2941 1838 2988 cum
1899 2923 2131 3007 insigni
2193 2920 2551 2989 constantia
2611 2918 3018 3002 pertulisset,
3076 2917 3318 2982 tandem
3375 2915 3563 2981 vehea

722 3066 994 3128 mentius
1051 3064 1372 3147 ingruente
1428 3055 1592 3133 febri
1654 3073 2101 3156 praeviumque
2169 3068 2322 3137 lethi
2388 3084 2681 3155 soporem
2749 3062 3127 3151 inducente,
3196 3064 3438 3148 placide
3493 3074 3573 3127 etz

723 3214 860 3276 sine
920 3213 1134 3279 dolore
1201 3216 1462 3284 animam
1527 3224 1752 3289 efflavit·
1795 3224 1951 3307 ipsis
2019 3224 2158 3291 Kal.
2251 3224 2460 3289 Iuniis·
2510 3222 2805 3306 praedicti
2866 3219 3051 3287 anni.-
3125 3206 3133 3214 ¹

808 3360 1228 3446 Constantia,
1293 3384 1494 3445 quam.
1547 3368 1612 3434 in
1677 3371 2026 3437 tolerandis
2073 3372 2193 3437 sub
2260 3386 2593 3437 extremam
2658 3371 2853 3437 vitam
2910 3369 3291 3437 cruciatibus
3346 3384 3569 3435 osten-v

720 3512 858 3593 dit,
905 3514 1026 3579 hoc
1076 3514 1493 3583 admirabilior
1539 3520 1746 3586 videri·
1781 3520 2037 3603 possit,
2101 3522 2284 3602 quod·
2320 3522 2574 3587 minime
2628 3538 2915 3588 corneam
2970 3520 3070 3583 ille
3118 3517 3331 3581 fibram
3356 3558 3387 3596 ,-
3441 3508 3565 3581 sed?

719 3660 898 3725 valde
943 3668 1189 3724 mollem
1243 3678 1436 3735 atqua
1482 3682 1750 3734 tener-am
1811 3668 2112 3747 habebat.
2201 3670 2453 3733 Verum·
2488 3688 2695 3741 neque
2736 3668 2803 3727 in
2850 3668 3085 3744 reliqua
3136 3640 3307 3745 vita,
3372 3660 3567 3743 quod}

721 3806 1044 3873 tenerioris
1093 3806 1146 3869 ei
1197 3805 1392 3869 inerat
1440 3816 1738 3887 naturae,
1787 3807 2126 3889 quicquam
2181 3807 2442 3893 obfixit',
2486 3812 2873 3896 quominus,
2926 3812 3031 3877 ubl
3082 3829 3179 3875 res
3228 3806 3564 3891 exigeret„-

721 3954 946 4021 fortem
1011 3970 1076 4021 et
1140 3968 1530 4021 constantem
1604 3953 1810 4022 virum
1867 3975 1934 4023 se
1986 3958 2308 4038 probaret.
2392 3960 2633 4027 Pridem
2700 3964 2801 4027 ille
2868 3960 3141 4028 animum
3207 3961 3566 4025 firmaverat:

717 4102 996 4186 iudicio,
1058 4106 1341 4186 ratione,
1407 4107 1610 4171 multo
1668 4124 1871 4172 rerum
1941 4108 2344 4175 humanarum
2412 4128 2531 4176 usu
2557 4154 2593 4191 ,-
2640 4109 2923 4195 diligenti
2983 4124 3301 4187 veterum,
3362 4106 3571 4189 inpria·

715 4255 839 4319 mis
897 4274 1210 4327 sacrorum
1236 4300 1272 4336 ,-
1319 4254 1622 4322 librorum
1670 4258 1960 4323 lectione.
2053 4260 2154 4325 Ita·
2213 4262 2469 4339 placere·
2516 4256 2877 4321 hominibus
2938 4258 3296 4339 studebat,
3341 4270 3411 4322 ut
3466 4266 3562 4321 ne:

714 4398 1004 4484 pietatem
1063 4422 1204 4488 erga
1251 4373 1456 4473 Deum
1509 4408 1812 4489 violaret,
1885 4426 2044 4489 quae
2087 4406 2175 4473 in
2231 4409 2388 4490 ipso·
2428 4414 2601 4489 pu'te·
2649 4408 2911 4487 simplex
2973 4422 3107 4473 erat·
3158 4424 3219 4472 et
3277 4405 3557 4471 sincera.-

716 4545 1070 4631 Religionis
1120 4570 1356 4619 sensus·
1393 4556 1544 4621 altas
1605 4520 1854 4623 inscius
1907 4559 2176 4624 animum
2229 4572 2433 4642 egerat
2489 4556 2770 4637 radices,
2829 4557 3319 4636 adiunctumque
3374 4570 3565 4617 sum·-

717 4711 889 4760 mum
963 4698 1237 4787 habebat
1283 4707 1435 4770 recti
1505 4710 1813 4774 studium.
1899 4706 2068 4773 Non·
2117 4706 2419 4772 imbecilla
2493 4706 2549 4769 ei
2612 4678 3065 4786 mansuetudo,
3138 4718 3281 4773 nont
3325 4706 3563 4771 lenita&

715 4858 846 4911 erat
900 4846 1034 4913 sine
1083 4850 1330 4920 robore.-
1364 4868 1484 4922 aut»
1525 4855 1763 4923 nervis.
1853 4858 2080 4923 Facilis
2145 4857 2507 4938 hactenus,
2552 4869 2627 4921 ut
2682 4858 2769 4921 de
2818 4874 2937 4922 suo
2996 4818 3146 4923 iure
3186 4848 3569 4925 lubentississ·

1983 5004 2082 5047 *ηε--
2100 5004 2134 5047 *
2157 5008 2192 5046 ιιι
2237 5023 2292 5087 33
3446 5014 3565 5068 me:
