4750 6000
1096 645 1188 699 tu·
1989 621 3063 697 LAUDATIO

1106 823 1478 912 peridoneus
1531 837 1685 892 erat.
1777 825 1996 894 Statim
2054 847 2194 894 eum
2247 827 2521 894 advertit
2570 824 2811 910 egregia
2870 823 3050 906 pueri
3102 839 3381 894 noscurr
3442 840 3705 913 natura,
3768 848 3942 914 quae·

1107 976 1544 1045 tantummodo
1609 979 2060 1042 commovenda
2118 993 2182 1042 et·
2258 977 2570 1044 incitanda
2648 983 2859 1054 esset,
2924 985 3001 1034 ut
3066 989 3457 1056 progressus.
3496 991 3559 1042 et
3624 978 3944 1047 maximos

1100 1144 1160 1194 et
1213 1123 1565 1192 celerrimos⁴
1629 1123 1881 1192 faceret.
1971 1125 2279 1207 Videbat,
2350 1143 2607 1209 segnem
2660 1126 2855 1192 iacere
2924 1123 3050 1191 vim
3110 1123 3380 1208 ingenii,
3462 1143 3659 1207 puero
3742 1129 3939 1196 etiam·

1099 1277 1222 1361 ipsi
1285 1273 1660 1358 incognitam
1691 1322 1714 1357 ,
1807 1275 1979 1356 quod
2048 1275 2296 1357 priores
2367 1273 2683 1357 magistri,
2757 1275 2823 1340 in
2896 1270 3209 1355 probabili
3285 1273 3457 1340 satis.
3503 1275 3941 1345 mediocritate:

1099 1419 1234 1491 eius
1307 1422 1828 1505 acquiescendum
1897 1421 2022 1489 sibi
2089 1439 2430 1507 putantes,
2508 1421 2669 1490 nihil
2728 1421 2818 1489 ab
2858 1421 3003 1504 ipso
3078 1420 3359 1502 amplius-
3416 1425 3939 1507 requisivissent..

1092 1577 1408 1657 Videbat,
1481 1591 1744 1660 puerum
1795 1573 1862 1640 in
1920 1575 2138 1658 pensis
2197 1573 2589 1641 elaborandis
2650 1585 2891 1640 tantum
2938 1571 3001 1638 id
3054 1587 3279 1654 agere,
3361 1587 3435 1638 ut
3502 1575 3659 1643 citra
3720 1598 3948 1663 repre--

1090 1726 1464 1794 hensionem·
1529 1742 1734 1807 esset,
1797 1739 2066 1791 ceterum
2129 1726 2308 1792 malle
2363 1741 2509 1789 cum
2560 1719 2928 1801 aequalibus
2984 1720 3347 1802 colludere,
3420 1741 3603 1804 quam
3678 1725 3941 1792 chartae·

1087 1889 1153 1941 et
1221 1889 1494 1942 veterum
1569 1875 1746 1941 libris
1828 1855 2278 1956 impallescere.
2369 1871 2641 1938 Videbat
2722 1883 2929 1938 tamen
3010 1873 3273 1939 eundem
3342 1886 3405 1940 et
3479 1875 3679 1942 laudis
3754 1876 3943 1943 haud:

1087 2023 1474 2090 mediocriter
1518 2025 1768 2091 avidum
1791 2072 1816 2106 ‚
1887 2037 1950 2088 et
2003 2022 2173 2087 nihil·
2216 2041 2415 2105 aeque
2466 2039 3026 2108 expavescentem,
3102 2043 3288 2108 quam
3338 2041 3449 2092 aut
3497 2026 3945 2110 praeceptoris·

1084 2187 1194 2238 aut
1261 2189 1625 2257 parentum,
1691 2189 1810 2242 aut
1865 2191 2091 2240 eorum
2159 2173 2461 2254 omnino,
2526 2191 2575 2239 a·
2636 2172 2874 2256 quibus
2961 2177 3153 2240 amari
3221 2189 3523 2260 cuperet,
3592 2142 3959 2244 offensam..⁸

1085 2322 1343 2390 Inventa
1393 2326 1524 2391 iam·
1572 2324 1628 2388 ei
1691 2323 1790 2390 via
1837 2336 2009 2403 erat,
2078 2339 2204 2403 qua
2246 2341 2508 2405 puerum
2584 2326 2651 2392 in
2698 2328 3201 2394 ardentissimum
3270 2329 3585 2392 literar-um
3646 2345 3937 2394 amoremz

1085 2477 1445 2543 coniiceret.
1537 2475 1706 2542 Cum
1756 2475 1964 2540 denuo
2011 2469 2192 2537 forte·
2222 2472 2638 2557 negligentius
2706 2494 2847 2542 eum
2899 2473 2967 2542 in
3022 2495 3222 2559 penso
3276 2493 3587 2543 versatum
3646 2479 3945 2544 animadv·

1013 2713 1020 2720 ἱ
1084 2628 1415 2709 vertisset,
1461 2623 1871 2709 sequentibus
1926 2621 2167 2703 aliquot
2228 2622 2451 2687 diebus
2501 2637 2634 2687 non
2694 2625 2885 2688 modo
2948 2625 3107 2689 nihil
3168 2625 3266 2690 ab»
3308 2643 3403 2690 eo-
3424 2623 3619 2705 pensi.
3665 2625 3866 2707 exegit
3886 2671 3931 2707 ‚.

1087 2763 1199 2839 sed
1253 2789 1332 2838 ne
1376 2775 1628 2839 allatum
1683 2775 1934 2860 quidem
1984 2771 2278 2854 inspexit.
2369 2767 2513 2834 Hoc
2566 2768 2913 2852 primo-die
2948 2791 3113 2854 puer·
3154 2791 3304 2840 non·
3336 2775 3607 2840 multum
3656 2783 3933 2858 curare32

1087 2940 1391 3009 postero,
1420 2882 1606 3004 'quid
1651 2936 1858 3005 esset,
1907 2921 2166 3003 mirari3-
2219 2921 2407 2988 tertio
2464 2937 2640 3003 aegre
2688 2918 2848 2986 ferre
2906 2923 3152 3007 coepit-2
3212 2923 3539 3003 denique,
3591 2941 3737 2988 cum
3794 2925 3933 2991 iam.

1086 3088 1338 3141 certum
1379 3074 1674 3153 haberet,
1740 3059 1808 3139 se
1867 3092 1902 3139 a
1946 3082 2364 3155 praeceptore·
2404 3071 2637 3153 negligi
2720 3073 3107 3156 spernique‚
3168 3074 3322 3139 adeo
3381 3070 3529 3137 tulit
3591 3072 3937 3155 impatien··

1086 3236 1184 3288 ter
1206 3268 1228 3303 ,
1295 3234 1389 3295 ute.
1419 3232 1704 3303 parentes
1761 3240 1902 3289 ,rem
1957 3220 2197 3288 diutius
2256 3221 2453 3285 celare
2520 3236 2652 3285 non
2712 3236 2955 3301 posset.
3046 3224 3223 3290 Pater
3287 3224 3422 3287 eius
3482 3236 3704 3306 rogatu
3752 3222 3939 3289 wil--

1087 3372 1276 3456 pium·
1326 3370 1454 3437 adit
1477 3416 1502 3451 ,
1567 3369 1720 3451 quid
1793 3370 1896 3433 rei
1957 3370 2042 3436 sit
2112 3368 2400 3453 inquirit.
2506 3366 2891 3471 Intellectam
2970 3384 3179 3437 autem
3253 3367 3534 3453 magistri
3612 3366 3931 3437 rationem÷

1081 3521 1624 3593 vehementissime
1692 3484 1916 3584 statim·
1955 3516 2210 3599 probat.
2294 3517 2515 3599 Itaque
2592 3519 2867 3585 domum.
2922 3533 3205 3582 reversus
3266 3516 3399 3584 filio
3471 3518 3693 3582 auctor
3762 3533 3925 3600 est„

1081 3688 1160 3740 ut
1193 3672 1590 3739 obstinatum
1630 3669 2068 3750 praeceptoris·
2103 3668 2382 3733 animum
2437 3666 2757 3734 industria·
2788 3660 3231 3746 diligentiaque
3280 3664 3564 3751 frangere
3603 3683 3924 3735 conetur&

1082 3819 1260 3887 aliam
1321 3818 1635 3883 rationetu-⁴
1685 3815 1823 3880 eius
1905 3816 2189 3898 placandi
2248 3834 2383 3883 non
2448 3831 2609 3881 esse.
2698 3808 2863 3879 Puer
2929 3813 3124 3897 patris
3178 3812 3439 3879 monito»
3473 3800 3931 3897 -obteinperata

1078 3966 1308 4037 Grave
1341 3979 1546 4031 tamen
1604 3960 1808 4027 adhuc
1871 3958 2098 4045 Wilpii
2153 3964 2574 4047 supercilium·
2613 3960 2947 4029 horrescit.
3040 3958 3169 4025 Vix
3216 3963 3460 4029 tandem
3484 4009 3509 4046 ,
3556 3963 3667 4029 ubi
3716 3965 3925 4047 paulo»

1079 4115 1398 4185 remissius
1447 4110 1602 4178 illud
1671 4108 2003 4178 observare
2055 4108 2179 4176 sibi
2243 4109 2427 4179 visus
2474 4125 2619 4194 est,
2696 4108 2963 4177 animus.
2992 4108 3065 4174 ci.
3104 4106 3329 4175 factus.
3362 4125 3458 4177 est
3517 4115 3925 4198 praeceptoria

1079 4284 1343 4354 pensum
1369 4311 1396 4346 ,
1455 4262 1627 4345 quod
1673 4278 1915 4325 summa
1963 4276 2111 4326 cum
2165 4259 2561 4327 accuratione
2609 4255 3034 4341 elaborasset,
3078 4222 3321 4341 trepida
3377 4279 3539 4328 voce
3590 4280 3927 4343 manuque2

1077 4414 1401 4487 offerendi.
1489 4409 1796 4493 Magister
1815 4455 1842 4490 ,
1887 4409 2210 4477 videamus
2229 4455 2254 4490 ,
2301 4408 2510 4491 inquit
2529 4451 2557 4489 ,
2601 4426 2680 4473 an
2716 4423 2940 4490 operae
2980 4406 3252 4488 pretium
3292 4407 3483 4479 fuerit
3522 4410 3918 4500 inspexisse.-

1077 4571 1364 4639 Pensum·
1405 4564 1488 4632 in.
1551 4574 1773 4627 manus
1847 4555 2102 4637 sumit,
2168 4551 2491 4636 inspicit3,
2536 4552 2709 4619 videt
2791 4554 3173 4639 diligentiam
3262 4559 3597 4629 adhibitam
3624 4610 3661 4645 ,
3732 4562 3919 4629 videt.

1074 4723 1238 4791 adeo
1305 4731 1698 4801 progressum
1786 4712 2006 4793 Itaque
2083 4711 2362 4789 puerum.
2419 4719 2551 4768 non
2629 4702 2962 4773 clementer
3034 4708 3230 4775 modo
3314 4710 3691 4791 alloquitur,
3788 4710 3917 4777 seda

1030 4914 1046 4931 .
1077 4869 1398 4943 collaudat
1459 4863 1667 4929 etiam.
1755 4857 2014 4931 Noster-
2071 4851 2176 4921 ille
2245 4846 2387 4918 sibi.
2442 4850 2509 4917 in
2580 4850 2781 4918 coelo.
2836 4870 2989 4917 esse
3050 4852 3402 4922 uidebatur.
3480 4856 3587 4921 Ex
3654 4868 3733 4923 οο
3759 4834 3766 4842 K
3796 4854 3919 4921 die:

3791 5014 3895 5070 ms
