4750 6000
2325 614 2360 698 c
2444 599 2645 682 mn
2730 613 2768 698 )

1183 841 1316 892 tum
1359 839 1540 907 spero
1593 831 1656 887 te
1705 816 2190 898 haudamplius
2227 813 2558 898 ancipitem
2592 810 2827 895 animi,
2870 810 3207 895 dubiisque
3238 808 3650 894 distractum,
3689 805 3768 873 in·
3794 804 3973 874 fem--

1181 975 1437 1042 tentiam
1479 987 1673 1035 meam
1716 947 2127 1032 libentissime
2167 975 2529 1026 venturum.

1265 1075 1480 1198 Quum
1557 1112 1807 1176 haereas
1875 1110 2038 1176 inter
2095 1107 2513 1189 Spalletti·
2578 1099 2643 1174 ei:
2709 1107 3127 1176 visconti
3205 1125 3457 1191 operam
3522 1103 3936 1186 litterariam·‚.

1167 1218 1346 1334 ,quae
1393 1249 1614 1318 vTibi
1663 1248 1924 1318 maxime
1973 1249 2389 1331 comparanda
2442 1245 2761 1314 videatur:
2806 1265 3058 1314 necesse
3097 1219 3234 1328 est,
3280 1261 3357 1311 ut
3394 1244 3679 1311 homines
3721 1249 3935 1327 probe·

1189 1390 1438 1454 noveris
1497 1403 1845 1475 utrosque,
1891 1406 2077 1475 atque
2116 1391 2367 1476 insuper
2414 1411 2572 1476 quae
2627 1392 2756 1460 sint
2802 1413 2911 1477 ea,
2957 1410 3116 1476 quae
3156 1383 3393 1478 singuli
3444 1404 3753 1476 praestare
3780 1403 3946 1472 pos·

1185 1514 1335 1600 sint.
1427 1509 1712 1616 Faciam,
1757 1546 1828 1598 ut
1874 1507 2117 1615 debeo,
2170 1533 2306 1600 sine
2345 1531 2526 1600 fuco.

1267 1681 1683 1750 Visconti
1733 1683 1996 1750 Graecis
2044 1685 2308 1768 litteris,
2339 1684 2746 1769 ‘antiquitatis
2788 1652 3059 1767 ιιοῑίῖίει,Ι
3122 1685 3359 1752 criticis
3411 1705 3485 1752 ac
3528 1647 3943 1769 philologieis·

1189 1821 1401 1890 studiis
1451 1824 1535 1889 ita
1588 1819 1975 1906 instructus,
2016 1839 2091 1890 ut
2141 1823 2245 1890 alii
2296 1823 2703 1907 paucissimi,
2749 1827 2929 1907 plura
2985 1805 3049 1890 et
3094 1803 3407 1909 praeclara
3455 1795 3697 1893 critices
3763 1827 3933 1893 exhi·

1185 1969 1322 2038 huit
1377 1974 1715 2057 specimina
1783 1975 1849 2040 in
1911 1975 2084 2042 notis
2141 1977 2224 2042 ad
2280 1994 2428 2043 suas
2484 1975 2701 2043 Musei
2761 1975 3524 2044 Pio-Clementini
3587 1975 3929 2058 expositio·

1183 2144 1339 2210 neS,
1387 2128 1619 2210 quibus
1668 2129 2058 2198 Graecorum
2101 2127 2609 2214 Latinorumque
2658 2134 2796 2198 loca
2837 2135 3017 2213 plura
3058 2145 3171 2196 aut
3218 2129 3739 2218 interpretatione·
3764 2127 3936 2192 adiu-³

1189 2265 1329 2350 vit,
1370 2283 1479 2334 aut
1525 2245 1954 2334 emendatione
2007 2268 2302 2336 restituit.
2396 2261 2733 2349 Egregium
2771 2270 2964 2334 huius
3004 2270 3090 2331 rei
3132 2282 3349 2333 testem
3390 2268 3685 2348 profero,
3736 2267 3955 2333 Goet-

1187 2411 1506 2494 tingensis·
1551 2409 1925 2478 Academiae
1986 2411 2247 2491 lumenf,
2315 2407 2785 2474 celeberrimum
2840 2407 3203 2491 Heyney
3270 2409 3469 2474 cui'us.
3508 2407 3951 2490 interpretatio·

1190 2562 1484 2644 quaedam
1539 2556 2062 2644 Apollodori
2123 2580 2156 2626 a
2215 2559 2630 2627 Visconti
2683 2563 3051 2643 reprehensa
3101 2576 3197 2629 est
3250 2563 3446 2629 Tom.
3496 2564 3615 2630 VI.
3658 2563 3950 2628 eiusdem.

1194 2703 1448 2782 operist.
1482 2689 1960 2797 eruditissimus.
1987 2703 2100 2810 ille
2146 2703 2286 2782 vit,
2343 2716 2418 2766 ut
2456 2702 2658 2768 Vis-c
2676 2705 2868 2768 omi
2924 2705 3518 2776 animadversionem
3572 2711 3947 2790 novit„ne·

1195 2861 1318 2926 que
1368 2846 1777 2928 compellatus
1823 2841 2049 2907 litteris
2109 2839 2579 2909 humanissimis
2634 2811 2779 2908 eum
2835 2843 3027 2912 adivit
3042 2891 3085 2929 ,‚.
3136 2845 3332 2930 seque.
3374 2847 3451 2914 ab
3520 2867 3597 2914 eo
3642 2849 3775 2938 ipso
3822 2869 3950 2917 me.-

1119 3009 1130 3069 ιζ
1195 2989 1364 3057 liora
1402 2987 1650 3057 doctum
1687 2987 2014 3073 professus
2068 3004 2190 3058 ests
2284 2982 2294 2990 ’

1284 3139 1375 3205 At
1407 3140 1846 3223 Spalletti
1889 3145 2085 3210 homo
2140 3143 2396 3228 pinguis
2440 3143 2904 3228 Minervae,
2948 3142 3218 3219 nullius,
3268 3142 3564 3229 critices,
3610 3166 3967 3231 paucarum*-

1202 3288 1588 3371 litterarum,
1659 3311 2090 3377 quaecunque·
2128 3293 2310 3361 forte·
2356 3294 2677 3379 scriptitat·
2718 3314 2786 3361 ea
2834 3314 2966 3363 non
3031 3296 3241 3377 modo·
3274 3295 3775 3381 improbatione,
3842 3298 3969 3366 secl-

1201 3437 1335 3518 rjsu
1391 3439 1469 3505 ab
1528 3442 1784 3508 eruditis
1827 3444 1975 3510 viris
2015 3446 2324 3513 continuo
2384 3446 2804 3530 excipiuntur.
2890 3444 3212 3512 Inficetam
3266 3447 3683 3513 Anacreontis
3726 3446 3948 3513 editio·

1203 3598 1356 3651 nem.
1397 3583 1474 3649 ab
1517 3604 1590 3651 eo
1642 3600 1917 3667 paratam
1967 3589 2026 3653 si
2080 3590 2334 3671 vidisti,
2404 3591 2717 3673 ineptiam·
2754 3590 3034 3657 hominis
3099 3559 3367 3674 eiusque
3412 3594 3599 3658 simul
3655 3613 3731 3659 ex
3778 3610 3973 3674 prae--

1207 3728 1440 3799 satione
1497 3734 1812 3803 audaciam
1887 3733 2170 3817 colligas.
2257 3736 2457 3799 Haec
2521 3740 2617 3799 de.
2674 3736 2909 3799 criticis
2928 3778 2970 3812 ,,
3018 3734 3139 3799 iam
3182 3734 3269 3798 de.
3306 3751 3493 3815 opere
3551 3732 3704 3813 ipso,
3742 3729 3946 3799 videa·

1213 3893 1393 3942 mus..

1296 4021 1636 4103 Exemplar.
1687 4018 2128 4103 Spalleti‘anum
2173 4017 2453 4085 codicem
2512 4019 2829 4105 integrum
2882 4018 3169 4087 exhibere
3215 4016 3448 4085 dicitur
3474 4066 3513 4100 ‚.
3577 4019 3819 4085 iisdem«
3845 4036 3955 4086 ne·

1215 4165 1468 4243 sibus,
1521 4161 1740 4225 iisdem
1791 4159 2114 4239 apicibus:
2175 4161 2362 4226 credo
2421 4153 2710 4241 equidem
2755 4204 2789 4241 ,.
2862 4176 3005 4225 nam
3069 4174 3363 4242 ectypum
3418 4155 3641 4242 potius
3688 4159 3952 4241 pictoris

1223 4308 1402 4393 quasi
1442 4329 1640 4381 manu,
1690 4326 2050 4392 expressum
2101 4324 2261 4392 puto
2303 4356 2350 4393 ,,
2397 4328 2581 4391 quam
2636 4308 3065 4393 apographum
3112 4308 3189 4375 ab
3234 4309 3486 4379 homine
3528 4357 3577 4391 ,.
3632 4270 3744 4391 oui
3792 4325 3956 4376 recte

1220 4451 1510 4535 intelligit
1568 4469 1683 4532 ea.²
1720 4469 1879 4531 quae
1937 4448 2357 4533 transcribit,
2433 4448 2848 4536 exscriptum.
2930 4448 3213 4533 Spalletti
3270 4406 3581 4533 inperitia·
3605 4468 3737 4516 non
3789 4450 3962 4515 sine.-

1221 4597 1328 4665 bat
1378 4594 1846 4664 terminationes
1906 4592 1987 4661 in·
2039 4590 2302 4658 nexibus
2373 4590 2633 4657 latentes
2699 4588 3101 4672 enucleare.‚.
3174 4591 3559 4674 compendia.
3618 4591 3950 4657 verborum

1227 4744 1512 4831 supplere
1547 4760 1572 4811 a
1655 4760 1786 4812 eam
1841 4762 1989 4828 ergo
2029 4742 2194 4811 viam
2230 4740 2413 4809 inivit
2443 4788 2481 4827 ,⁴
2554 4758 2712 4825 quae
2777 4740 2869 4807 de.
2904 4739 3088 4809 hisce
3123 4740 3445 4814 ‘omnibus
3516 4757 3974 4809 amanuensem·

3876 4901 3993 4953 seu·-
