4750 6000
1173 575 1272 634 11,
1711 491 1716 496 ⁶
1927 495 3251 634 ''Laupas-110¹,

1175 753 1513 824 formidine
1587 751 1960 833 perculsus,
2037 749 2417 836 nisi-plane
2504 750 2902 831 conciderat,
2982 765 3147 818 certe
3224 751 3519 840 spiritum
3590 771 3651 824 et
3726 761 4015 846 vigorem-

1179 871 1516 989 pristinum
1574 903 1886 968 amiserat.
1975 899 2062 962 Et
2109 917 2254 963 vero
2301 885 2433 964 tum
2481 883 2567 962 de‘
2601 918 2941 980 Boscfflo,
3004 899 3140 967 viro
3186 899 3487 970 libertatis
3532 911 4017 994 amantissimO,

1179 1056 1498 1132 quomodo
1541 1054 1730 1128 libere
1775 1048 1952 1132 loqui
2000 1047 2298 1128 libertatis
2363 1052 2503 1132 ipse
2544 1068 2755 1117 amans
2799 1050 3197 1133 potuissem,
3264 1070 3407 1118 cum
3456 1069 3553 1122 tot
3598 1057 3663 1123 in
3708 1060 4017 1153 lateribus

1167 1201 1401 1268 nostris
1455 1205 1772 1272 haerentes
1836 1202 2221 1283 suspiciosae
2290 1197 2645 1286 tyrannidis
2687 1201 2956 1268 ministri
3018 1219 3097 1266 ne
3144 1201 3427 1268 umbram
3499 1207 3749 1288 quidem
3812 1179 4017 1292 paulo-

1168 1354 1475 1421 liberioris
1539 1352 1718 1419 vocis
1783 1349 2072 1418 ferrent?
2163 1340 2333 1418 Haec
2394 1351 2617 1419 diebus
2689 1351 2813 1417 illis
2875 1369 3121 1434 semper
3164 1369 3230 1416 se
3290 1353 3641 1422 obtrudens
3702 1365 4017 1444 cogitatio

1167 1523 1338 1570 meos
1403 1519 1534 1568 tum
1595 1502 1886 1570 laudandi
1968 1521 2324 1568 noscurum
2388 1519 2659 1571 conatus
2718 1499 2929 1586 fregit.
3040 1501 3203 1566 Nam
3270 1522 3566 1572 conatum
3644 1528 3739 1572 me
3802 1510 4017 1580 fuisse

1168 1673 1354 1722 nemo
1399 1652 1680 1717 dubitet:
1767 1667 1872 1734 et,
1935 1673 2122 1759 qnam
2167 1657 2379 1736 questi
2414 1671 2577 1734 „sunt
2619 1653 2919 1733 nonnulli
2956 1654 3303 1750 longiorem
3370 1656 3561 1721 huius
3605 1679 3639 1723 a
3682 1679 3780 1742 gne
3824 1682 4000 1743 prae.

1167 1802 1375 1874 standi
1402 1801 1692 1883 obsequii
1732 1821 2006 1886 moram,
2053 1819 2292 1868 certum
2330 1803 2476 1888 isti,
2526 1805 2709 1872 velim
2735 1850 2760 1885 ,
2804 1809 3109 1882 habeant,
3160 1801 3467 1887 mihiipsi
3512 1822 3634 1871 tam
3674 1811 4005 1881 molestam.

1167 1974 1412 2038 semper
1467 1971 1604 2020 esse
1666 1955 1907 2035 visam,
1977 1969 2044 2020 ut
2103 1952 2165 2018 in
2227 1956 2401 2020 omni
2447 1959 2573 2023 vita
2632 1957 2886 2040 gravius
2946 1957 3151 2037 aliqua
3217 1971 3281 2017 re
3342 1966 3629 2024 vexatum
3688 1979 3785 2026 me
3860 1982 3995 2032 non

1111 2133 1118 2140 ·
1163 2120 1502 2174 autumem.
1593 2106 1902 2196 Euturum
1951 2106 2194 2202 tandem
2245 2119 2387 2183 est,
2438 2121 2507 2172 ut
2552 2108 2738 2173 simul
2784 2123 2845 2174 et
2890 2126 3030 2173 meo
3076 2102 3282 2170 officio
3326 2123 3393 2171 et
3434 2125 3723 2193 vestrae„
3760 2113 3845 2179 A.
3903 2116 4003 2184 A..

1162 2259 1486 2324 diuturnae
1533 2243 1984 2336 exspectationi
2031 2252 2433 2324 satisfaciam.
2502 2256 2779 2337 Annua,
2827 2211 3071 2335 fateor,
3119 2253 3218 2318 hic
3262 2255 3385 2338 J‘am
3436 2259 3743 2338 septimus
3788 2263 3993 2344 agitur

1155 2431 1190 2476 a
1235 2423 1435 2473 morte
1495 2421 1766 2496 noscitu
1799 2451 1822 2486 ,
1893 2405 2005 2468 sed
2050 2411 2249 2483 neque
2295 2402 2381 2504 is·
2416 2418 2541 2467 erat
2587 2423 2969 2482 Boscfflus,
3033 2405 3217 2484 quus
3284 2422 3405 2470 tam
3474 2405 3602 2468 cito
3648 2409 3985 2496 oblivisce-

1156 2575 1366 2626 rentur
1412 2556 1580 2620 cives
1627 2552 1771 2631 sui,
1833 2567 1892 2616 et
1941 2569 2114 2616 meus
2157 2567 2250 2616 est
2295 2553 2348 2618 is
2398 2554 2459 2618 in
2505 2555 2802 2618 hodierna
2850 2553 2968 2618 viri
3014 2517 3517 2616 desideratissimi
3564 2559 3987 2625 recordatione

1154 2727 1422 2791 sensus,
1487 2720 1558 2768 ut
1603 2701 1871 2766 vividior
1923 2719 2058 2766 esse
2115 2701 2412 2782 proximo
2478 2702 2558 2765 ab
2602 2703 2739 2784 ejus
2806 2715 3005 2784 morte
3051 2717 3215 2765 anno
3280 2701 3383 2763 vix
3428 2704 3727 2782 potuerit.
3816 2709 3983 2776 Nam

1152 2857 1446 2934 virtutis,
1523 2870 1682 2936 quae
1745 2847 1808 2916 in
1865 2865 2153 2915 soscmo
2223 2848 2497 2932 enituit,
2565 2850 2773 2917 animo
2846 2867 2985 2915 meo
3041 2864 3165 2914 tam
3223 2846 3487 2917 illustris
3560 2853 3979 2940 obversatur,

1153 3026 1258 3083 aut
1299 3007 1512 3091 potius
1567 3000 1752 3069 infixa
1809 2996 2038 3065 insidet
2094 2997 2351 3084 imago,
2412 3016 2483 3066 ut
2532 3023 2663 3070 eam
2724 2975 3075 3069 inde³nn11a
3138 3016 3412 3083 unquam
3478 3004 3609 3069 dies
3665 3011 4019 3076 exemtura'.

1150 3130 1294 3235 sit=⁴
1339 3176 1524 3243 quam
1598 3150 1925 3243 imaginem
1997 3150 2148 3216 dum
2219 3148 2408 3220 vobis
2470 3120 2823 3221 'enat-fando
2884 3154 2999 3218 viri
3070 3156 3257 3219 vitam
3342 3136 3445 3219 hi'c
3525 3172 3983 3239 repraesentare

1145 3332 1382 3393 conor,
1427 3302 1663 3375 dicenti
1706 3300 1858 3365 mihi
1903 3300 2232 3383 benignis,
2281 3280 2559 3385 quaese,
2603 3300 2828 3368 animis
2873 3318 3060 3386 atque
3105 3308 3363 3375 auribus
3406 3307 3646 3373 adeste!

1225 3464 1437 3530 Natus
1497 3474 1592 3526 est
1652 3471 2112 3521 uanoNYMth
2178 3464 2270 3517 Dr!
2331 3474 2550 3523 nosen
2618 3456 2731 3520 hac
2794 3460 2859 3519 in
2916 3456 3067 3523 urbe
3116 3476 3281 3524 anno
3340 3456 3679 3539 superioris
3742 3468 3971 3532 saeculi

1143 3612 1663 3699 quadragesimo,
1710 3596 1947 3671 mensis
1995 3590 2224 3667 'Martii
2283 3603 2384 3670 die
2434 3604 2731 3672 vicesima
2777 3606 3003 3689 tertia,
3047 3623 3221 3691 patre
3273 3606 3703 3692 Hieronymo,
3770 3616 3968 3680 nobili

1137 3760 1421 3847 inprimis
1481 3756 2035 3835 Pharmacopon,
2103 3768 2292 3817 matre
2347 3752 2695 3820 Catharina'
2764 3774 2887 3820 van
2948 3760 3055 3823 der
3112 3750 3429 3837 Heyden,
3477 3758 3810 3826 lectissima
3873 3761 3965 3826 fe·

1139 3912 1346 3989 mina,
1392 3926 1550 3989 quae
1600 3904 1820 3969 marito
1875 3918 2112 3984 praeter
2147 3921 2335 3984 eum,
2382 3903 2459 3968 de
2522 3923 2653 3985 quo
2694 3904 2895 3970 dicere
2932 3905 3207 3991 aggressi
3270 3922 3539 3987 sumus,
3585 3904 3748 3974 filios
3786 3923 3959 3994 tres,

1133 4064 1396 4141 lanum,
1441 4058 1816 4125 Bernardum
1872 4070 1930 4119 et
1981 4052 2411 4137 Gregorium,
2478 4052 2764 4136 filiasque
2812 4057 3007 4139 duas,
3069 4055 3469 4124 catharinam
3528 4069 3589 4119 et
3649 4056 3964 4127 Iuditham

1131 4212 1394 4297 peperit.
1481 4210 1694 4275 Huius
1742 4224 2108 4272 numerosae
2167 4206 2393 4269 domus
2450 4222 2593 4285 pars
2649 4221 2866 4272 noster
2912 4207 3119 4273 statim
3179 4227 3213 4271 a
3268 4207 3539 4287 teneris,
3586 4224 3650 4271 et
3710 4210 3959 4293 diligere

1134 4378 1194 4427 et
1256 4360 1428 4445 diligi
1501 4376 1684 4438 quam
1751 4374 1940 4422 suave
2015 4370 2226 4438 esset,
2289 4355 2658 4437 quotidiano
2750 4354 2970 4422 didicit
3039 4358 3510 4441 experimento,
3576 4362 3952 4425 concordem

1133 4530 1260 4577 eam
1309 4510 1755 4589 florentemque
1808 4504 2102 4570 familiam
2151 4502 2330 4571 facile
2388 4520 2600 4571 tuente
2648 4507 2937 4575 unanima
2992 4524 3319 4590 parentum
3369 4508 3691 4573 amborum
3756 4506 3955 4589 pieta-

1021 4740 1036 4749 ,
1130 4679 1234 4740 te,
1300 4660 1402 4724 cui
1461 4674 1717 4724 mutuus
1765 4654 2176 4738 respondebat
2231 4656 2567 4721 liberorum
2609 4676 2807 4723 amor.
2900 4632 3189 4722 Habebat
3247 4674 3440 4739 porro
3495 4676 3653 4739 puer
3702 4670 3949 4722 mano-

1128 4828 1407 4889 mume,
1478 4826 1639 4889 quos
1693 4808 2076 4875 venerandos
2129 4804 2292 4871 vitae
2345 4807 2828 4890 studiorumque
2909 4806 3108 4873 duces
3169 4821 3577 4890 sequeretur,
3642 4822 3946 4887 quorum·

3818 4966 3941 5031 que
