4750 6000
1159 661 1172 668 ἢ
1263 579 1392 650 159
2227 555 2317 626 L.
2367 575 2434 642 7.
2480 559 2612 645 Ep.
2660 555 2983 641 71-76.

1274 745 1695 804 memorantur
1729 727 1955 814 μαζᾌς,
1996 728 2238 808 impiae.
2281 727 2497 806 ὄμμα.
2532 731 2777 807 χείλεα.
2843 727 3070 810 Segaar
3127 723 3191 793 in
3230 728 3410 796 notis
3442 726 3643 796 MSS.
3687 728 3949 798 malebat

1255 857 1465 934 χροίαν
1499 851 1772 931 ἐρικυῶθη.
1857 843 1957 910 De
2017 841 2286 909 vocibus
2360 845 2535 926 ῥικνὸς
2594 857 2658 907 et
2716 849 3049 928 ῥικνσῦσθαι-
3082 857 3327 924 praeter
3376 845 3737 913 Piersonum
3798 847 3943 912 vide

1251 962 1541 1048 Bergler.
1584 965 1663 1028 ad
1693 958 2083 1042 'Alciphrom
2132 979 2200 1042 p.
2227 976 2403 1039 =104.
2468 956 2784 1026 Meibom.
2832 959 2910 1023 de
2942 956 3311 1042 Flagrorutn
3360 961 3493 1029 Usu
3544 961 3611 1028 in
3659 981 3723 1028 re
3761 983 3951 1030 vene·

1265 1095 1368 1144 rea
1411 1099 1480 1162 p.
1531 1081 1638 1162 38.
1687 1075 2033 1142 Ruhnken.
2079 1075 2158 1140 ad
2219 1072 2551 1141 Timaeum
2617 1095 2687 1160 p.
2750 1079 2903 1142 998.
2966 1073 3173 1142 Conf.
3226 1091 3291 1144 et
3342 1078 3549 1144 Anth.
3598 1079 3701 1146 Gr
3732 1080 3819 1148 L.
3876 1102 3947 1164 4.

1265 1191 1359 1261 Τ.
1407 1215 1474 1278 7.
1519 1196 1644 1278 Ep.
1699 1198 1806 1260 28.
1854 1189 1946 1257 T.
1999 1211 2104 1258 19.
2151 1189 2274 1274 Ep.
2329 1207 2478 1274 131.
2544 1189 2686 1260 Tit.
2746 1209 2856 1275 97.
2912 1189 3045 1274 ΕΡ.
3086 1193 3195 1260 16.
3342 1211 3409 1262 v.
3455 1211 3521 1276 7.
3568 1203 3675 1279 τὴ.
3716 1202 3941 1278 noum.

1261 1308 1429 1379 Vrde
1470 1305 1705 1376 Eldikii
1750 1303 2108 1390 Suspicion.
2159 1308 2439 1390 specim.
2488 1309 2657 1394 Cap.
2700 1327 2767 1392 s.
2815 1327 2888 1393 p.
2938 1319 3048 1392 3ο.
3124 1393 3133 1400 ι

1345 1425 1479 1512 Ep.
1525 1400 1650 1510 72:
1682 1445 1750 1492 v.
1800 1445 1867 1491 9.
1913 1425 2022 1491 Br.
2069 1430 2328 1508 τήξευπ.

1337 1543 1471 1626 Ep.
1523 1563 1631 1629 73.
1682 1533 1749 1609 ν’.
1795 1563 1863 1624 4.
1919 1543 2028 1606 1,·1.
2072 1545 2300 1622 qam.
2340 1535 2521 1606 conf.
2578 1543 2660 1608 ad
2688 1557 2759 1606 v.
2810 1557 2873 1623 3.
2922 1556 2994 1621 4.
3044 1534 3377 1606 Theocrit.
3430 1538 3527 1606 Id.
3578 1557 3685 1622 14.
3722 1559 3794 1607 ν.
3830 1543 3948 1624 48.

1251 1653 1506 1726 Erasm.
1556 1659 1622 1726 in
1669 1661 1875 1742 Adag.
1929 1677 2234 1724 numerus
2261 1653 2514 1738 sumus.
2584 1653 2884 1740 Quattuor
2943 1669 3304 1736 postremos
3368 1654 3559 1742 hujus
3613 1658 3943 1741 Epigram-

1252 1777 1440 1843 matis
1483 1775 1696 1844 versus
1755 1773 2028 1843 Grotius
2083 1773 2314 1840 Latine
2375 1789 2515 1838 non
2587 1771 2880 1838 reddidit.
2974 1772 3065 1838 At
3128 1755 3332 1838 totum
3381 1773 3783 1858 Epigramma
3816 1773 3941 1841 La·

1246 1891 1402 1959 tinie
1456 1887 1738 1960 versibus
1793 1889 2225 1974 expresserunt
2267 1889 2530 1956 Florens
2552 1884 2949 1955 Christianus
2985 1907 3055 1971 p.
3099 1891 3213 1971 98.
3261 1905 3325 1954 et
3367 1889 3642 1974 Scaliger
3668 1891 3738 1958 in
3794 1891 3941 1957 Me-

1195 2013 1207 2022 “
1249 2007 1440 2092 gistri
1485 2007 1881 2076 collectione
1923 2005 2122 2074 Tom.
2171 2025 2240 2073 9.
2283 2023 2354 2088 Ρ.
2394 2023 2558 2092 493.
2600 2020 2667 2072 er
2729 2023 2885 2090 494.
2984 2003 3123 2090 Ipse
3177 2023 3453 2089 quatuor
3518 2007 3663 2076 illos
3730 2006 3939 2074 versus

1255 2119 1343 2191 fic
1387 2123 1663 2192 reddidi:
2830 2205 2835 2212 ·
2942 2133 2952 2142 ’

1549 2235 1734 2306 Illud
1769 2235 1934 2306 idem
1977 2241 2256 2310 invenies
2275 2258 2305 2304 .-
2344 2251 2412 2306 τι
2452 2257 2727 2327 namque
2748 2285 2773 2322 ,
2807 2236 3089 2328 superba
3110 2285 3135 2322 ‚
3178 2238 3397 2310 w‘debo

1633 2353 1974 2443 Perpetuis
2013 2357 2320 2444 lacrymis
2359 2357 2825 2423 commaculare
2855 2377 3079 2445 genas.

1547 2470 1761 2541 Saeva
1799 2471 2051 2561 quidem
2091 2473 2166 2541 V
2153 2485 2306 2542 enus
2346 2485 2441 2540 est
2459 2521 2482 2554 ‚
2518 2473 2865 2560 pulchrum
2909 2486 3125 2540 tamen
3166 2474 3282 2541 hoc
3320 2472 3509 2539 habet
3548 2494 3743 2564 unam
3762 2493 3799 2544 .·

1635 2586 1796 2655 odit
1837 2591 2128 2659 tollentes
2169 2591 2314 2658 alta
2344 2590 2729 2680 supercilia.

1336 2695 1469 2788 Ep.
1515 2720 1625 2788 74.
1682 2724 1751 2774 v.
1805 2725 1865 2774 1.
1914 2705 2065 2776 Vid.
2105 2709 2333 2776 Suidas
2369 2727 2438 2775 v.
2472 2711 2661 2794 ῥκδηὺ
2704 2725 2773 2792 Ρ.
2806 2721 2962 2788 95ο.
3006 2705 3171 2774 Ibid.
3214 2702 3311 2773 122
3354 2705 3941 2790 menaechmi-10-

1257 2820 1586 2888 mericum.
1633 2816 1785 2889 Vid.
1813 2821 1996 2893 Iliad.
2031 2839 2105 2898 x.
2149 2844 2219 2892 v.
2257 2827 2370 2893 60.
2426 2837 2516 2895 n.
2556 2827 2714 2910 487.
2776 2824 3010 2908 odyss.
3062 2803 3153 2890 o.
3196 2839 3347 2907 34?-
3436 2839 3479 2888 v
3527 2837 3594 2904 5.
3634 2833 3943 2908 φρύαγμα

1250 2933 1418 3006 vide
1451 2956 1638 3008 notas
1679 2939 1758 3007 ad
1817 2939 1905 3008 L.
1977 2959 2038 3013 1.
2097 2937 2240 3011 Tit.
2297 2942 2364 3009 6.
2422 2940 2555 3023 Ep.
2618 2957 2684 3027 5.
2733 2937 2875 3007 Tit.
2926 2941 3029 3007 16.
3073 2939 3211 3026 ΕΡ.
3257 2960 3323 3006 9.

1343 3054 1476 3137 Ep.
1503 3071 1610 3139 75.
1656 3074 1723 3122 v.
1777 3077 1840 3141 3.
1883 3056 2010 3125 Pro
2051 3062 2181 3129 τινὶ
2221 3082 2334 3127 που
2371 3062 2592 3140 χθόνα.
2644 3059 2747 3121 llr.
2776 3060 2882 3125 m·
2921 3059 3070 3139 ἔφην
3108 3056 3331 3142 χθόνα,
3376 3054 3551 3137 quod
3582 3051 3933 3139 expressum

1255 3186 1294 3235 a
1336 3168 1571 3237 Grotio
1606 3174 1837 3256 recepi.
1921 3192 1986 3241 v·
2031 3196 2100 3257 4.
2147 3174 2256 3241 Br·
2301 3178 2449 3256 λέξω
2492 3168 2853 3239 Bruncltius
2884 3177 3119 3251 karam
3140 3217 3165 3249 ,
3204 3172 3721 3255 quemadmodum
3744 3170 3939 3237 'Gru-

1256 3286 1372 3351 teri
1415 3286 1792 3373 Exemplum
1841 3304 1904 3357 et
1948 3292 2417 3359 Annotationes
2463 3288 2766 3357 Salmafii.
2912 3308 2981 3357 v.
3032 3304 3095 3372 5.
3144 3288 3250 3356 Br.
3298 3293 3333 3366 vi
3366 3294 3425 3356 δὲ
3467 3290 3615 3368 μέγ’
3653 3292 3935 3369 {eandm-

1250 3428 1344 3473 σε.
1431 3422 1492 3470 v.
1549 3422 1616 3489 7.
1675 3406 1783 3475 Br.
1827 3410 2010 3488 μένων
2029 3456 2054 3491 ,
2105 3408 2367 3477 Gruteri
2411 3408 2536 3476 Ex.
2566 3423 2633 3475 et
2678 3404 2952 3473 Salmafii
2994 3404 3457 3473 Annotationea
3498 3407 3691 3485 μόνον.
3736 3398 3938 3472 Conf-

1253 3518 1335 3587 de
1377 3519 1655 3589 verfibus
1701 3542 1768 3607 7.
1815 3524 1880 3590 8.
1931 3522 2224 3592 d'Orvill.
2277 3525 2355 3592 ad
2400 3525 2743 3593 Chariton.
2790 3546 2858 3607 p.
2902 3542 3055 3606 447.

1335 3633 1463 3720 ΕΡ.
1517 3638 1624 3718 76.
1669 3638 1990 3726 Quaedam
2033 3641 2099 3707 in
2139 3642 2262 3708 hoc
2290 3642 2420 3725 Ep.
2461 3640 2743 3726 expressa
2783 3641 3077 3705 videntur
3105 3659 3183 3707 ex
3226 3636 3561 3707 Theocriti
3605 3635 3833 3721 Idyllio
3864 3644 3931 3717 7'.

1251 3764 1328 3816 v.
1373 3754 1489 3835 138
1535 3770 1598 3819 et
1642 3753 1830 3839 seqq.
1875 3755 2121 3824 Primos
2171 3756 2386 3828 versus
2427 3756 2672 3843 profert
2708 3756 2933 3824 suidas
2984 3774 3053 3821 v.
3096 3758 3371 3835 ὅράμνσυε
3410 3752 3505 3819 Τ.
3552 3774 3619 3818 9.
3662 3771 3731 3834 Ρ.
3782 3752 3935 3833 706.

1254 3868 1430 3945 quod
1467 3882 1530 3933 et
1569 3870 1648 3934 ad
1689 3866 1806 3934 Ex.
1856 3870 2123 3940 Ruhnk.
2167 3886 2484 3941 notatum.
2577 3892 2648 3939 v.
2690 3892 2761 3956 4.
2810 3870 2966 3941 Vid.
3010 3870 3335 3938 d’Arnaud
3374 3868 3713 3935 Animadv.
3762 3866 3935 3935 Crit.

1255 3998 1320 4045 c.
1371 3996 1476 4064 35.
1521 4002 1592 4066 Ρ.
1641 3987 1796 4049 918.
1841 4000 1904 4051 et
1959 3986 2257 4055 Lection.
2329 3988 2629 4053 Graecar.
2686 4006 2758 4069 p.
2790 3990 2795 3995 '
2829 4005 2977 4068 171.
3062 3986 3173 4067 qui
3226 4002 3545 4069 perperam
3610 3984 3737 4050 hoc
3796 3984 3928 4067 Ep.

1252 4092 1454 4163 Paulo
1523 4098 1878 4167 silentiario
1938 4095 2184 4170 tribuit.
2273 4100 2478 4171 Conf.
2542 4120 2667 4171 nos
2724 4104 2805 4170 ad
2850 4100 3071 4171 Grotii
3132 4101 3581 4189 Prolegomena
3652 4120 3728 4186 p.
3786 4118 3932 4187 134.

1261 4226 1332 4280 v.
1379 4229 1421 4297 5
1495 4212 1767 4285 Grotius
1815 4220 2030 4288 vertit.
2367 4197 2380 4208 ’

1674 4332 1803 4400 Hic
1855 4341 2198 4405 matutinis
2249 4337 2561 4407 acredula
2617 4336 2868 4405 vocibus
2912 4337 3133 4424 instat.

1256 4446 1368 4530 qui
1415 4446 1628 4515 versus
1684 4469 1719 4516 a
1769 4450 2080 4538 Cicer-qne
2119 4454 2437 4521 desumtus
2496 4474 2572 4521 ex
2618 4454 2867 4521 Arateis
2940 4454 3092 4520 Lib·
3162 4472 3225 4521 1.
3300 4456 3381 4522 de
3432 4454 3656 4523 Divin.
3733 4472 3795 4521 c.
3858 4455 3927 4522 8.

1257 4563 1372 4629 ubi
1427 4560 1570 4630 vide
1615 4564 1846 4635 Davifii
1902 4582 2114 4635 notas.
2221 4570 2320 4637 De
2378 4572 2707 4638 acanthide
2766 4572 3049 4653 disputat
3102 4568 3240 4657 jac.
3320 4570 3543 4637 Nicol.
3618 4566 3933 4637 Loenflus

1256 4678 1649 4765 Epiphyllid.
1689 4684 1804 4751 ΙΙΙ.
1843 4686 1951 4750 96.
1983 4687 2150 4769 apud
2177 4685 2441 4755 Gruter.
2479 4688 2713 4771 Lamp.
2758 4686 2926 4754 Crit.
2975 4686 3175 4753 Tom.
3224 4686 3313 4753 V.
3358 4687 3434 4755 P.
3466 4710 3533 4755 9.
3575 4704 3725 4771 pag.
3778 4704 3927 4770 399.
4010 4762 4019 4769 ,

1255 4788 1424 4863 Vide
1461 4808 1524 4863 et
1565 4782 1822 4871 silmas.
1861 4804 1944 4870 ad
1985 4802 2194 4876 Solin.
2239 4822 2310 4891 p.
2356 4824 2512 4893 949.
2638 4822 2710 4873 v.
2756 4806 2832 4871 6.
2874 4802 2989 4874 Br.
3031 4806 3359 4876 ἑνδιάουσα.
3474 4822 3545 4873 v.
3592 4820 3656 4887 7.
3723 4797 3935 4875 Ἀλλὰ
