4750 6000
1585 545 2964 701 MEMORIA

917 851 2282 962 HIERONYMI
2420 857 2672 962 DE
2811 863 3591 1006 BOSCH,

995 1175 1090 1224 IN
1141 1175 1420 1226 ramo
1481 1175 1855 1225 »cunco
1918 1172 2280 1226 CLASSIS
2348 1175 2743 1231 ‘narnus
2804 1185 3060 1239 anon
3124 1185 3546 1250 nsstcuct'

1221 1337 1922 1392 noca-nunaunt
1975 1335 2272 1403 ATQUB
2330 1333 2710 1387 Annum
2768 1332 3261 1387 ms‘rx'run
3378 1335 3387 1342 ·

1725 1492 2169 1543 CONSESSU
2223 1490 2768 1543 CELEBRATA

1537 1743 1695 1802 Dm
1787 1751 1915 1807 xm
2013 1749 2433 1810 N‘OVEMB·
2530 1751 2942 1810 MDCCCXVH·

2204 2019 2260 2074 A

1041 2254 1662 2338 DAVIDE
1761 2260 2374 2338 IACOBO
2478 2284 2661 2340 vau
2752 2261 3411 2342 LENNEP.

1429 2531 3080 2612 wemm-

892 2769 1178 2955 Quod
1235 2853 1472 2918 dudum
1503 2897 1528 2934 ‚
1600 2853 1755 2919 ΑΛ.
1820 2795 2020 2935 06„
2086 2851 2360 2922 officium
2418 2874 2454 2921 a
2513 2873 2613 2921 me
2675 2856 2871 2938 pietas
2932 2851 3298 2941 poscebat,
3360 2849 3643 2935 aliquau-

801 3010 886 3075 do
951 3022 1154 3073 tamen
1217 3022 1521 3085 exsequar
1583 3004 1700 3070 hac
1763 3006 1938 3075 hora.
2046 3004 2272 3070 Virum
2323 3008 2560 3090 optIme
2602 3008 2680 3075 de
2741 3026 2839 3073 me
2902 3007 3187 3072 meritum
3214 3053 3238 3087 ,
3296 3022 3639 3075 manem(-

797 3176 968 3226 uum
1027 3174 1433 3236 amenum,
1498 3126 1778 3223 laudabo
1827 3156 1932 3221 hic
1977 3154 2149 3235 loci,
2211 3157 2324 3223 ubi
2367 3154 2633 3239 nescio,
2677 3177 2756 3225 an
2799 3172 2861 3223 et
2906 3172 3263 3241 opportuna
3328 3154 3637 3234 maxime,

795 3324 861 3376 et
917 3328 996 3375 ne
1049 3327 1184 3375 sera
1248 3302 1538 3387 quidem,
1605 3326 1674 3372 ea
1731 3307 2004 3374 laudatio
2044 3308 2324 3373 habenda
2380 3308 2490 3375 sit.
2578 3308 2873 3395 Namque
2934 3304 3047 3375 ubi
3107 3310 3331 3377 melius
3394 3298 3628 3369 laudati

793 3461 970 3527 illum
1027 3480 1066 3525 a
1127 3474 1226 3525 me
1265 3454 1645 3538 conveniat,
1693 3477 1878 3540 quam
1924 3459 2034 3525 ubi
2080 3471 2450 3541 surrogatus
2498 3460 2635 3543 ipse
2668 3462 2767 3529 fui
2810 3462 2878 3528 in
2922 3466 3131 3530 locum
3178 3452 3465 3525 mortui?
3510 3464 3620 3516 aut

795 3608 1117 3692 quomodo
1181 3606 1372 3673 citius
1439 3606 1497 3670 ei
1558 3606 1916 3676 satisfacere
1970 3609 2074 3675 hic
2141 3610 2454 3691 potuerim
2519 3612 2729 3679 officio
2762 3658 2788 3693 ,
2851 3633 3037 3695 quam
3102 3614 3169 3678 in
3227 3606 3431 3691 primo
3496 3600 3620 3665 hoc

790 3756 1054 3841 publico
1109 3752 1351 3820 Classis
1406 3770 1657 3823 nostrae
1738 3774 2043 3823 consessu
2066 3758 2101 3823 ‘4'
2175 3757 2368 3843 Quod
2440 3760 2499 3825 si
2562 3759 2907 3827 tarditatem
2990 3756 3182 3822 huius
3266 3748 3617 3819 occasionis

790 3918 1146 3989 reputantes
1195 3900 1454 3999 'quidam
1483 3950 1510 3989 ‚
1565 3925 1664 3972 me
1721 3928 1854 3977 non
1900 3923 2261 3991 exspectare
2303 3925 2437 3973 eam
2459 3953 2483 3989 ,
2546 3911 2658 3977 sed
2698 3912 2917 3995 potius
2960 3910 3137 3975 aliam
3185 3898 3470 3989 quamvis
3514 3920 3621 3969 oc·

790 4056 1102 4123 casionem
1149 4072 1457 4139 occupare
1497 4054 1790 4122 debuisse
1834 4070 2169 4139 statuunt,
2217 4059 2418 4125 sciant
2478 4056 2617 4140 illi,
2682 4078 2783 4127 me
2840 4076 3098 4143 quoque
3149 4057 3309 4124 idem
3366 4050 3431 4118 id
3472 4072 3625 4136 pro·

789 4204 1070 4286 positum
1109 4205 1452 4287 habuisse,
1499 4223 1712 4272 verum
1759 4222 1889 4271 eam
1935 4221 2062 4269 rem
2111 4224 2298 4301 quam
2359 4206 2623 4275 maxime
2678 4212 2886 4294 agenti
2930 4209 3373 4293 impedimento
3415 4200 3614 4269 fuisse

785 4352 1184 4436 publicorum
1230 4372 1584 4442 temporum
1630 4328 2076 4424 difficulta‘tem.
2133 4354 2566 4439 Meministis,
2611 4359 2758 4425 ΑΛ.
2795 4375 2857 4424 et
2900 4376 3114 4441 anun,
3160 4374 3290 4437 quo
3326 4366 3613 4415 mortuus

787 4516 886 4571 est
941 4522 1320 4589 noscfflus,
1385 4521 1447 4573 et
1509 4507 1796 4575 insecuto
1849 4502 2146 4587 biennio,
2214 4508 2361 4587 quis
2404 4504 2597 4575 fuerit
2638 4505 3015 4591 reipublicae
3070 4520 3321 4571 nostrae
3362 4495 3609 4565 status!
3710 4539 3717 4549 -

785 4650 942 4720 Erat
983 4668 1120 4720 tum
1165 4656 1269 4722 ille
1330 4657 1653 4759 servitutis
1695 4657 1876 4736 dies,
1923 4654 2032 4739 qui
2077 4656 2403 4723 dimidium
2468 4656 2708 4723 homini
2768 4656 2983 4721 adimit
3028 4651 3314 4719 virtutis.
3399 4648 3617 4729 Itaque

783 4814 962 4865 meus
1054 4820 1309 4888 quoque
1369 4803 1656 4887 animus,
1739 4814 1802 4867 et
1862 4806 2282 4888 praesentium
2341 4808 2581 4875 intuitu
2658 4804 2965 4872 malorum
3028 4816 3091 4867 et
3162 4798 3616 4869 imminentium

1523 4918 1554 4943 ὁ

2213 4954 2251 4999 *
3440 4933 3453 4949 ’
3499 4952 3633 5019 for·
