4750 6000
1603 503 1702 579 L.
1741 526 1806 593 7.
1849 511 1980 594 Ep.
2025 523 2338 596 90-94.
3272 525 3394 594 1⁵⁹3

709 671 1136 743 Mitscherlich
1175 675 1253 742 ad
1314 674 1539 744 Horat·
1577 673 1662 744 L.
1719 696 1782 742 2·
1840 675 1968 745 od.
2020 679 2085 744 8.
2128 694 2192 743 v·
2233 695 2297 762 9.
2343 688 2408 740 et
2456 693 2558 758 13.
2602 670 2897 745 Huschk.
2961 673 3149 746 Anal.
3220 677 3389 746 Crit.
3504 747 3510 752 .

707 793 820 878 ⁶3·
862 812 934 879 p.
1089 813 1154 863 v.
1203 813 1269 878 5.
1317 795 1374 860 ἐν
1411 789 1606 867 ὕδατι.
1648 793 1940 861 Catullus
1983 790 2201 858 Carm.
2249 792 2361 874 69.
2410 811 2477 857 v.
2529 809 2593 874 3.
2640 809 2713 874 4.

1416 942 1518 964 --
1553 911 1790 978 muller
1825 904 2052 996 cupido
2091 901 2261 992 quod
2297 905 2457 991 diqit
2494 910 2785 992 amanti,

1171 1023 1254 1090 In
1292 1041 1474 1096 vento
1512 1041 1576 1092 et
1613 1025 1852 1120 rapida
1872 1022 2169 1122 scribere
2203 1038 2448 1110 oportet
2488 1047 2685 1112 aqua·

710 1141 823 1206 ubi
865 1139 1006 1206 vide
1040 1139 1264 1224 Vulpii
1302 1156 1507 1225 notas.
1555 1141 1758 1210 Conf.
1804 1155 1870 1208 et
1911 1141 2162 1210 Erasm.
2210 1136 2278 1205 in
2321 1141 2585 1226 Adagiis
2631 1159 2775 1226 pag.
2813 1157 2961 1222 170.
3002 1138 3055 1206 F
3096 1143 3167 1206 in
3204 1145 3389 1228 aquis

695 1255 956 1340 scribis.
1006 1257 1176 1323 Male
1205 1257 1311 1340 Jo.
1349 1255 1668 1326 Luzaeius
1721 1258 1788 1324 in
1819 1253 2208 1340 praefatione
2247 1271 2390 1322 ante
2433 1256 2801 1324 Callimachi
2842 1257 3089 1340 Fragm.
3132 1255 3392 1323 illustra-

713 1389 776 1440 ta
809 1395 843 1438 a
881 1372 968 1440 L.
1011 1375 1096 1440 C.
1129 1371 1544 1440 Valckenario
1593 1391 1662 1456 p.
1703 1393 1772 1456 9.
1822 1387 1884 1438 et
1922 1390 1996 1455 p.
2030 1391 2142 1454 4²·
2207 1371 2276 1438 in
2315 1373 2633 1439 Xenarchi
2686 1371 2936 1439 Comici
2986 1371 3386 1456 fragmentO,

701 1487 909 1568 ‘op-m
949 1487 1002 1554 δ’
1040 1489 1155 1566 ἐγὼ
1193 1490 1467 1568 wambe,-
1503 1489 1584 1566 εἷς
1621 1486 1758 1558 οἶνον
1797 1487 2014 1574 γράφω
2057 1487 2508 1556 emendandum
2555 1500 2739 1572 putat
2780 1491 2861 1566 εἰς
2901 1489 3066 1562 κόνιν.
3116 1487 3387 1556 Ovidius

707 1599 812 1683 Ep
889 1601 1153 1669 Heroid.
1200 1621 1268 1669 ν.
1322 1622 1428 1686 311.
3381 1595 3385 1600 ’

1249 1717 1482 1804 Pingit
1527 1731 1592 1783 ee
1633 1721 1864 1805 exiguo
1904 1716 2236 1808 Pergama
2279 1734 2422 1790 tota
2452 1741 2660 1792 mero.
2728 1714 2741 1728 “

707 1848 779 1901 et
821 1834 955 1918 Ep.
1005 1853 1107 1918 17.
1157 1853 1218 1904 v.
1281 1838 1388 1915 87.
1437 1837 1545 1901 88.
2421 1838 2427 1846 '
2927 1925 2950 1936 „

1171 1948 1341 2015 Orbe
1388 1970 1632 2040 quoque
1675 1954 1748 2016 in
1789 1951 2036 2036 mensae
2079 1953 2210 2038 legi
2237 1951 2360 2034 sub
2404 1955 2650 2018 nomina
2694 1964 2906 2017 nostro
2928 1997 2953 2034 ,

1252 2066 1455 2153 ,Quod
1467 2067 1764 2154 'deducta
1803 2091 1976 2136 mero
2021 2069 2226 2138 litera
2255 2069 2427 2156 fecit
2446 2117 2471 2154 ,
2516 2091 2683 2136 amo,

712 2178 920 2264 (aliud
951 2179 1072 2262 οἴνῳ
1111 2185 1368 2264 γράφειν
1392 2230 1414 2264 ,
1457 2187 1628 2252 aliud
1671 2193 1754 2262 εἰς
1795 2183 1954 2257 οἷνιν.
2000 2187 2126 2256 Sed
2165 2185 2393 2254 festiva
2432 2200 2493 2252 et
2534 2175 2805 2256 Comico
2846 2183 3033 2270 digna
3069 2181 3134 2250 in
3174 2182 3291 2252 bac
3330 2203 3394 2251 re

715 2297 949 2364 mentio
997 2296 1178 2376 vini,
1224 2321 1370 2368 eum
1415 2323 1612 2388 aquae
1655 2303 2136 2388 exspectaretur.
2182 2304 2306 2388 L.)

799 2415 932 2496 Ep.
978 2433 1088 2497 91.
1145 2428 1640 2486 ΦΙΛΟΔΗΜΟΤ
1687 2420 1870 2486 etiam
1915 2420 2178 2488 Gruteri
2221 2420 2634 2502 Exemplum.
2770 2434 2842 2482 v·
2890 2437 2955 2484 2.
3000 2417 3400 2500 πρωτοβόλων.

709 2533 816 2602 Ad
865 2531 991 2597 Ex.
1042 2529 1309 2596 Ruhnk.
1349 2577 1412 2612 2,
1455 2530 1610 2597 vid.
1663 2532 1888 2617 Toup.
1940 2538 2034 2617 aci
2058 2536 2314 2604 Suidam
2363 2533 2517 2601 Vol.
2560 2555 2623 2620 3.
2675 2552 2745 2616 p.
2796 2551 2965 2617 207,
3013 2537 3077 2600 8.
3214 2551 3281 2600 v.
3332 2549 3395 2615 3.

708 2646 872 2722 AM’
910 2653 1014 2730 ἤδη
1055 2675 1119 2718 κ.
1161 2671 1228 2714 τ.
1265 2662 1328 2716 λ.
1373 2643 1680 2718 Horatius
1715 2649 1868 2722 Lib.
1913 2675 1980 2720 2.
2017 2652 2146 2722 Od.
2187 2657 2252 2720 8.
2293 2669 2360 2718 ν.
2404 2669 2514 2731 14.
2562 2645 2667 2717 16.
3198 2635 3211 2647 ’
3314 2631 3327 2642 ’

1751 2761 1755 2766 ’
1878 2800 1980 2822 ··-
2007 2769 2201 2854 ferus
2243 2785 2306 2836 et
2347 2766 2591 2857 Cupido

1417 2881 1674 2970 Semper
1717 2882 2015 2954 ardentes
2059 2909 2289 2964 acuens
2317 2887 2605 2978 sagittas

1717 3002 1866 3071 Cote
1907 3020 2205 3073 cruenta.
2348 3070 2354 3078 .

653 3102 660 3109 ’
709 3134 778 3181 v·
825 3115 888 3179 6.
930 3112 1054 3181 Pro
1097 3119 1338 3187 πολλῆς·
1386 3114 1497 3183 Br.
1533 3120 1810 3199 μεγάλης
1851 3135 1912 3187 et
1947 3120 2029 3188 fic
2072 3122 2336 3191 Gruteri
2375 3122 2809 3207 Exemplum,
2856 3115 3137 3189 Salmafii
3176 3116 3401 3217 §nno-

709 3231 982 3297 tationes
1029 3244 1092 3295 et
1133 3227 1312 3294 Nota
1353 3233 1429 3327 ad
1475 3233 1852 3315 Exemplum
1899 3235 2300 3305 Ruhnkenii.

795 3347 926 3429 Ep.
973 3366 1087 3431 92.
1133 3347 1401 3429 Propter
1439 3348 1816 3416 Heliodorae
1865 3371 2098 3419 nomen
2150 3352 2555 3437 Epigramma
2589 3352 2721 3419 hoc.
2754 3350 3082 3435 Meleagro
3140 3348 3397 3427 darem,

711 3464 888 3543 quod
940 3478 1002 3527 et
1043 3462 1403 3548 Jacobfium
1459 3462 1705 3533 senfisse
1765 3467 1978 3538 video.
2042 3466 2258 3538 Verbo
2315 3471 2617 3552 προλέγειν
2660 3464 2809 3533 usus
2846 3466 3174 3548 Meleager
3212 3462 3395 3528 etiam

711 3576 841 3662 Ep.
891 3583 954 3645 8.
1001 3600 1068 3645 v.
1121 3598 1189 3663 7.
3375 3560 3383 3566 ι

794 3696 926 3778 Ep·
975 3714 1085 3779 93·
1125 3694 1487 3767 ὑποκδλπιοσ.
1545 3696 1644 3762 De
1703 3696 1820 3763 hac
1877 3693 2034 3765 voce
2081 3696 2227 3765 vide
2279 3694 2523 3781 Toupii
2582 3694 2745 3763 Cur.
2788 3676 3027 3776 poster·
3081 3693 3149 3761 in
3185 3689 3404 3759 Theo.-

711 3809 855 3877 crit.
911 3828 978 3889 p.
1020 3830 1129 3890 24.
1166 3824 1232 3876 et
1261 3808 1328 3873 in
1363 3808 1657 3880 Addend.
1692 3833 1762 3898 p.
1809 3818 1956 3898 398.
2005 3810 2168 3880 infra
2215 3830 2338 3879 nos
2385 3813 2462 3879 ad
2496 3812 2627 3895 Ep.
2674 3811 2833 3901 156..
2952 3829 3015 3875 v.
3069 3829 3131 3894 3.
3178 3829 3248 3892 4.
3294 3806 3399 3899 Ad

713 3924 840 3992 Ex.
894 3924 1158 3991 Ruhnk-
1225 3969 1280 4008 ‚,
1326 3922 1552 3990 Suidas
1601 3944 1668 3991 v.
1715 3930 1896 4006 κύβος
1956 3930 2267 3997 Kusterus
2299 3930 2366 3995 in
2402 3930 2572 3995 Add.
2608 3948 2679 4011 p.
2726 3925 2929 4011 718.’'
3057 3944 3125 3992 v.
3174 3926 3243 3989 6.
3288 3924 3398 4012 ΒΓ,
3460 3974 3467 3981 .

710 4038 960 4111 κάππ’
1009 4056 1090 4136 let
1151 4042 1362 4123 Φόβον.
1428 4038 1534 4105 Sic
1591 4042 1776 4127 ἀρχὴν
1839 4041 2115 4127 politum
2157 4044 2276 4110 erit
2315 4042 2786 4127 adverbialiter,
2828 4056 2902 4109 ut
2940 4042 3113 4127 apud
3151 4040 3401 4124 Sopho·

708 4155 870 4219 clem
914 4156 980 4222 in
1025 4155 1358 4243 Antigon.⁸
1384 4170 1454 4223 v.
1497 4176 1615 4240 92.
2025 4136 2036 4151 ⁸

796 4268 931 4351 Ep.
975 4288 1085 4352 94.
1135 4269 1300 4334 Vide
1352 4270 1429 4336 de
1483 4271 1607 4339 hoc
1667 4274 2130 4361 Epigrammate
2188 4272 2433 4359 Toupii
2485 4274 2651 4343 Cur.
2712 4273 2959 4341 Poster.
3002 4270 3072 4341 in
3114 4272 3398 4362 Suidamp

713 4380 872 4449 Vol.
913 4403 984 4464 4.
1026 4402 1098 4465 p.
1151 4402 1306 4467 132.
1427 4405 1498 4450 v.
1551 4406 1612 4453 1.
1663 4388 1774 4457 Br.
1818 4390 2286 4469 annaeo-naas.
2399 4407 2467 4457 v.
2520 4410 2580 4473 3.
2630 4388 2801 4457 Edd.
2847 4387 3033 4454 Vett.
3076 4386 3398 4465 ἀμβροσίη.

721 4512 784 4563 v-
831 4517 900 4578 4.
947 4496 1055 4565 Bt.
1104 4478 1332 4574 πᾶὲας.
1377 4496 1498 4569 Ed.
1534 4500 1746 4572 Ptine.
1781 4520 1845 4571 et
1875 4506 2028 4572 Ald.
2065 4501 2194 4585 Ρη,
2217 4502 2425 4580 πάσας
2465 4504 2753 4583 ἔπιε-σίζει.
2801 4500 2892 4567 At
2924 4500 3073 4565 Ald.
3110 4498 3213 4563 Pr.
3244 4496 3395 4563 Em.

717 4624 780 4677 et
813 4610 956 4687 Sec.
996 4617 1077 4683 ἔτι
1117 4616 1310 4698 coitu.
1397 4632 1464 4682 v.
1511 4618 1580 4683 6.
1631 4621 1826 4703 Ap'ud
1861 4618 2114 4688 Suidam
2151 4636 2218 4683 v.
2260 4620 2511 4699 λύγδινα
2548 4636 2619 4703 p.
2661 4606 2817 4698 467‘.
2869 4614 3098 4697 legitur
3132 4616 3297 4687 §enne
3336 4626 3403 4687 et

717 4732 1153 4813 ”mem-0230&
1283 4748 1352 4824 v·
1373 4748 1465 4821 ,7.
1533 4738 1645 4813 τὰς
1683 4737 1964 4821 ὅρνῶσας·
2035 4732 2193 4803 Non
2241 4732 2521 4823 vulgaria
2574 4734 2653 4801 de
2700 4731 2818 4800 hac
2872 4747 3031 4799 voce
3071 4724 3403 4801 annotavit

1967 4845 2036 4915 V
2079 4870 2118 4917 2
2464 4846 2467 4849 ’
3168 4840 3400 4909 Ruhn-
