4750 6000
2885 389 2930 406 ό

1366 589 1449 658 30
1519 515 1523 520 ι
2044 527 2049 540 Ι
2159 568 2245 640 L.
2300 589 2362 657 3.
2409 569 2498 640 Τ.
2546 574 2611 639 6.
2657 565 2786 654 Ep.
2832 590 2918 654 44
2962 604 3031 621 -·
3079 585 3188 654 5ο.

1360 743 1548 809 Leid.
1606 745 1801 814 'Amo
1886 755 1948 807 et
1990 760 2057 806 v.
2108 759 2167 824 7.
2212 743 2453 819 Ἄλλο,
2515 757 2646 820 quo
2703 739 2958 806 indicari
3015 738 3308 808 videntur
3353 741 3438 824 ἰί,
3485 761 3650 824 quos
3687 742 4012 830 Jacobfius

1358 857 1727 926 memoravit
1762 857 2020 938 versus,
2068 851 2402 946 sedjpfius
2449 853 2692 938 judicio
2749 856 2984 922 nullius
3047 857 3374 940 momenti.
3475 880 3540 928 v.
3594 882 3650 943 7.
3702 863 3809 928 Ad
3879 864 4011 932 Ex.
4097 935 4108 951 ,

1358 974 1624 1042 Ruhnk.
1672 994 1788 1057 pro
1831 977 2115 1041 ὑπαλεύες
2160 989 2237 1036 ex
2276 969 2461 1052 Sylb.
2493 985 2779 1035 notatum
2819 973 3160 1040 branam.

1438 1089 1569 1172 Ep.
1616 1105 1729 1172 45.
1776 1089 1947 1154 Idem
2010 1085 2285 1152 occurrit
2328 1084 2416 1152 T.
2477 1099 2587 1167 25.
2631 1085 2761 1168 Ep.
2803 1104 2914 1166 72.
2954 1086 3028 1150 h.
3065 1083 3149 1152 L.
3185 1086 3296 1152 ubi
3329 1081 3535 1152 tam'en
3573 1106 3640 1152 v.
3691 1109 3751 1154 1.
3790 1089 4016 1174 legitur

1344 1205 1668 1272 ὕπεδύσατο
1697 1207 1907 1280 σιγήν,
1960 1216 2033 1267 ut
2069 1205 2235 1284 apud
2256 1203 2363 1269 Br.
2470 1221 2536 1266 v.
2566 1222 2634 1283 4.
2660 1203 2760 1267 Ad
2783 1203 2907 1268 Ex.
2931 1199 3198 1266 Ruhnk.
3249 1247 3302 1282 ‚‚
3345 1201 3516 1267 Citat
3537 1203 3760 1270 suidas
3783 1226 3847 1272 v.
3891 1214 4036 1280 oza-2

1348 1320 1635 1398 φιρὅτη.
1684 1317 1793 1381 ubi
1844 1315 1974 1382 vid.
2004 1317 2265 1384 Kusteri
2310 1333 2519 1383 notas.
2573 1298 2786 1384 'Confi
2837 1315 3079 1396 Toupii
3119 1317 3390 1382 Emend.
3434 1319 3565 1383 vol.
3633 1339 3692 1384 1.
3739 1339 3809 1402 p.
3853 1321 4027 1404 40.’'

1432 1429 1563 1511 Ep.
1612 1435 1722 1512 46.
1773 1431 1947 1498 Citat
2008 1432 2113 1496 vir
2170 1435 2398 1498 doctus
2460 1433 2524 1498 in
2581 1431 2858 1498 Miscen.
2904 1427 3166 1496 ObserV.
3213 1429 3390 1497 Nov.
3435 1446 3590 1498 tom.
3638 1455 3701 1500 2.
3747 1456 3814 1518 p.
3867 1459 4012 1521 124.

1336 1557 1411 1608 v.
1475 1565 1539 1627 3.
1580 1527 1940 1628 ἐπῃῶρησκς.
2006 1547 2157 1612 vid.
2202 1548 2364 1615 Bud.
2423 1549 2678 1615 Cotum.
2735 1547 2820 1612 L.
2867 1545 2987 1610 Gr.
3051 1564 3119 1626 p.
3164 1549 3313 1627 836.
3407 1565 3470 1614 v.
3519 1567 3585 1628 4.
3635 1549 3908 1620 Mutilus
3951 1557 4016 1622 in

1346 1660 1474 1728 Ed.
1546 1661 1757 1727 Ptine.
1828 1662 1978 1728 Ald.
2040 1663 2242 1744 prima
2298 1677 2361 1730 et
2406 1665 2588 1749 Junt.
2651 1663 2918 1746 primum
2989 1658 3316 1743 [upplctus
3391 1662 3456 1728 in
3513 1665 3662 1729 Ald.
3719 1665 4010 1740 secunda.

1336 1795 1417 1842 v.
1468 1793 1529 1860 5.
1577 1781 2022 1860 &acuminum
2093 1777 2191 1842 De
2272 1779 2337 1844 h.
2405 1799 2474 1843 v.
2535 1779 2664 1842 vid.
2719 1778 3024 1842 Valcken.
3093 1777 3170 1841 ad
3223 1778 3451 1860 Eurip.
3497 1779 3698 1862 Hipp.
3743 1804 3810 1866 p.
3862 1795 4010 1871 313.

1336 1905 1417 1958 Ὗ.
1466 1894 1531 1958 6.
1593 1897 1798 1972 νέκυς,
1857 1890 2179 1973 cadaver,
2242 1909 2315 1959 ut
2350 1894 2446 1960 L.
2497 1916 2558 1960 α.
2628 1891 2716 1959 Τ.
2771 1913 2874 1976 53.
2919 1893 3005 1959 E.
3059 1911 3161 1957 11.
3210 1907 3272 1957 et
3317 1911 3463 1962 mox
3505 1896 3589 1982 E.
3636 1901 3746 1978 48.
3815 1915 3877 1966 et
3923 1903 4010 1968 Τ.

1352 2025 1461 2091 25.
1508 2008 1591 2074 E.
1648 2027 1753 2090 17.

1432 2121 1561 2206 Ep.
1609 2143 1719 2204 47.
1768 2139 1833 2188 v.
1886 2139 1947 2188 1.
2012 2125 2189 2202 ymbre
2231 2099 2402 2205 52}pr
2441 2127 2622 2204 κᾶνις,
2667 2123 2964 2192 Pulveris
3014 2126 3240 2207 exigui
3279 2139 3499 2210 parva
3557 2147 3874 2216 Μυκη-ιη
3937 2137 4016 2201 ad

1351 2257 1537 2322 quem
1598 2237 1843 2304 Horatii
1899 2240 2152 2317 locum,
2208 2237 2294 2302 L.
2342 2257 2403 2305 1.
2441 2239 2524 2305 C.
2575 2243 2681 2306 28.
2732 2258 2795 2303 v.
2841 2259 2924 2324 3,
2959 2239 3184 2326 ‘videas
3230 2239 3412 2304 velim
3459 2259 3640 2311 notas
3685 2245 4018 2316 Mitschet-

1344 2357 1517 2422 lichii
1543 2353 1899 2438 ,quamvis
1928 2353 2085 2418 haec
2126 2369 2259 2418 non
2300 2354 2726 2419 memorantis·
2819 2372 2887 2421 v.
2936 2373 2998 2419 2.
3049 2353 3192 2420 Alia
3243 2354 3672 2440 interpunctio
3711 2378 3809 2428 est
3845 2367 4010 2446 apud

1334 2471 1461 2538 ·Br.
1514 2491 1699 2553 quam
1740 2469 1934 2534 secuti
1990 2467 2233 2535 sumus.
2324 2487 2391 2534 v.
2438 2489 2506 2550 4.
2555 2468 2630 2534 In
2689 2469 2817 2536 Ed.
2869 2468 3083 2536 Ptine.
3109 2473 3518 2554 Ἄλκανδρος,
3566 2481 3740 2558 quod
3775 2479 3844 2547 in
3879 2479 4008 2564 seq.

1352 2600 1485 2652 non
1520 2601 1683 2652 recte
1720 2585 2113 2650 immutatum
2156 2583 2410 2667 opinor.

1434 2703 1568 2784 Ep.
1612 2707 1721 2783 48.
1768 2701 1867 2768 De
1910 2699 2031 2765 hoc
2072 2669 2205 2766 (rid.
2236 2699 2322 2765 L.
2362 2695 2650 2766 Holsten.
2693 2699 2770 2764 ad
2811 2697 3036 2781 Steph.
3077 2699 3240 2784 Byz.
3281 2721 3348 2784 p.
3387 2723 3534 2786 137.

1336 2831 1343 2838 ·
1432 2837 1503 2886 v.
1551 2839 1615 2883 2.
1672 2821 1941 2898 ἁμερίων.
2012 2811 2111 2880 De
2170 2815 2361 2900 hujus
2427 2813 2606 2882 vocis
2667 2812 3114 2898 fignificntione
3159 2816 3304 2883 satis
3375 2819 3614 2884 dictum
3656 2826 3736 2890 ad
3807 2824 3869 2892 L
3949 2848 4012 2893 2.

1287 2941 1295 2949 ‘
1348 2930 1441 3001 Τ.
1490 2954 1601 3017 4ο.
1648 2933 1733 3001 E.
1783 2935 1845 2999 8.
1893 2949 1961 3015 p.
2008 2949 2162 3014 443.

1334 3066 1342 3074 ·
1435 3070 1503 3115 v.
1558 3067 1621 3130 5.
1688 3047 1787 3115 De
1844 3044 2299 3131 Praepofitione
2354 3051 2450 3120 ἐπὶ
2484 3094 2509 3129 ,
2571 3064 2706 3115 non
2759 3046 3047 3131 neglecto
3100 3047 3223 3112 hoc
3279 3048 3464 3130 loco,
3527 3054 3832 3133 praeclare
3889 3056 4018 3139 egit

1351 3164 1700 3233 Hemsterh.
1746 3166 1823 3231 ad
1856 3164 2125 3229 Luciani
2161 3164 2330 3229 Dial.
2374 3164 2478 3229 M.
2521 3182 2590 3247 p.
2640 3166 2785 3246 356.
2826 3164 3120 3230 Ceterum
3146 3211 3171 3245 ,
3207 3164 3293 3231 L.
3333 3184 3398 3250 5.
3437 3164 3526 3235 Τ.
3571 3190 3634 3234 2.
3673 3171 3757 3237 E.
3803 3175 3916 3253 48.

1933 3274 2147 3347 Εἴαιται
2190 3282 2510 3358 dammam&
2551 3283 2751 3369 famu
2789 3281 2896 3353 δμο
2917 3280 3136 3349 ὅταν-οι·
3250 3316 3258 3323 -
3471 3310 3502 3323 ··
3637 3266 3654 3272 ²

1346 3388 1579 3476 Neque
1619 3394 1793 3459 aliter
1836 3392 2003 3474 apud
2050 3391 2247 3459 Hom.
2290 3392 2367 3458 ΙΙ.
2415 3404 2488 3463 z.
2535 3410 2602 3457 v.
2654 3410 2801 3476 332.
2848 3410 2912 3459 et
2953 3410 3037 3467 Λ.
3083 3414 3150 3461 v.
3205 3412 3354 3477 394.
3403 3394 3550 3459 loco
3591 3394 3849 3474 ὀρφανοὶ.

1434 3511 1567 3593 ΕΡ.
1610 3530 1720 3593 49.
1768 3530 1833 3575 v.
1885 3530 1949 3576 ι.
1998 3510 2101 3575 Ad
2134 3508 2257 3575 Ex.
2290 3502 2556 3575 Ruhnk.
2597 3526 2670 3574 ex
2711 3510 2909 3576 Grut.
2952 3517 3140 3594 ἀτηρῷ
3195 3516 3450 3591 θανάτῳ.
3512 3508 3619 3574 Br.
3669 3529 3787 3591 pro
3829 3512 4018 3579 αἰσθέ-

1339 3622 1541 3719 -μενὲι,
1583 3631 1893 3703 ληθόμενοι.
1958 3626 2148 3692 Unde
2171 3673 2194 3706 ,
2254 3626 2502 3708 ignom.
2573 3624 2843 3691 Grotius
2884 3624 3100 3692 tamen'
3123 3624 3211 3691 ita
3243 3626 3472 3707 vertit,
3515 3640 3608 3691 ‚ut
3635 3624 3824 3691 fimile
3864 3624 4018 3707 quid

1344 3738 1405 3803 ei
1448 3739 1513 3809 in
1558 3756 1826 3806 mentem
1874 3742 2111 3807 venisse
2154 3742 2480 3824 videatur3

1858 3854 2101 3918 Debita
2138 3876 2291 3941 gens
2334 3859 2574 3937 morti,
2621 3860 2843 3922 mortis
2885 3869 3099 3921 tamen
3139 3858 3465 3921 immemor
3505 3887 3601 3915 .-

1431 3968 1563 4059 Ep.
1614 3984 1724 4052 5ο.
1770 3988 1836 4034 v.
1894 3988 1953 4036 1.
2001 3970 2337 4036 Indicatam
2374 3992 2410 4037 a
2441 3970 2720 4037 Brodaeo
2751 3971 3079 4036 lectionem
3116 3966 3276 4047 ἥνυσ’
3318 3970 3596 4051 sequitur
3633 3969 4013 4037 Brunckius.

1344 4100 1417 4149 v.
1468 4104 1531 4149 2.
1575 4092 1837 4165 γράμμα
1861 4130 1885 4165 ,
1930 4084 2288 4174 infhrtsptt‘o.
2335 4104 2404 4153 v.
2453 4090 2519 4152 6.
2569 4086 2814 4151 Praeter
2843 4087 2994 4151 Ald.
3041 4086 3182 4151 Sec.
3227 4078 3408 4152 Tert.
3445 4100 3508 4152 et
3543 4086 3709 4151 ven.
3753 4087 3862 4151 ubi
3899 4104 4016 4169 pro

1355 4201 1565 4274 τίνειν,
1607 4198 1840 4281 ’legitur
1874 4208 2127 4284 τύννειν,
2158 4219 2231 4269 ut
2268 4204 2345 4269 ad
2395 4201 2573 4268 suum
2629 4201 2755 4268 Ex.
2805 4216 2839 4264 e
2880 4198 3076 4267 Grut.
3123 4200 3306 4267 etiam
3351 4200 3597 4267 notavit
3648 4200 3911 4268 Ruhnk.
3957 4214 4022 4266 et

1340 4307 1471 4393 ipse
1507 4310 1821 4378 Brodaeus
1855 4333 1985 4387 non
2017 4317 2398 4402 improbasse
2431 4318 2676 4385 videtur
2697 4362 2722 4399 ,
2779 4315 3052 4400 reliquae
3093 4334 3311 4384 omnes
3357 4316 3632 4385 unanimi
3666 4316 3964 4384 consensu
3986 4359 4013 4393 ,

1344 4412 1422 4515 pt
1460 4428 1527 4495 in
1576 4429 1892 4513 vulgatis,

2987 4542 3026 4622 ἦ
3063 4544 3180 4627 γὰρ
3221 4544 3376 4628 θύω

1920 4662 2061 4728 Ἴΐει
2098 4654 2141 4739 ὦ
2181 4658 2347 4726 τίνειν
2387 4668 2590 4728 ταῦτα
2633 4656 3060 4741 κατοιχομένῳ.

1341 4764 1565 4835 Latlne
1605 4816 1631 4853 ,
1690 4768 2015 4861 Siquidem
2054 4772 2224 4855 thus
2268 4784 2417 4837 erat
2435 4766 2578 4853 filio
2606 4770 2727 4853 suo
2757 4770 3118 4859 persolvere
3155 4770 3316 4836 haec
3370 4784 3644 4838 mortuo.
3739 4766 4010 4839 Grotius

1347 4881 1558 4951 vertit.

3945 5011 4015 5068 a
