4750 6000
1103 609 1328 674 παθη
1989 598 3065 673 LAUDATIO

1116 803 1296 889 regni
1345 799 1764 884 Ludovicus,
1827 801 1984 885 qui,
2050 821 2426 887 quamquam
2488 803 2653 885 ipse·
2682 815 2923 869 veteres
2977 801 3185 868 literas
3243 800 3582 886 ignorans,
3646 819 3949 886 magnum

1115 965 1320 1020 tamen
1382 953 1457 1018 iis
1519 951 1786 1036 pretium
1849 967 2192 1035 statueret,
2252 971 2371 1019 nec
2438 951 2648 1020 minus
2718 952 3028 1018 bonorum
3082 950 3362 1018 virorum
3420 970 3628 1018 amore
3694 953 3950 1019 ducere»

1112 1108 1260 1181 tur,
1327 1103 1745 1169 eruditissimo
1802 1103 2173 1186 optimoque
2221 1105 2358 1171 viro
2423 1122 2702 1172 Boscmo
2758 1105 2933 1171 hunc
2996 1105 3298 1171 honorem
3352 1103 3615 1185 habuit,
3676 1114 3750 1167 ut
3800 1118 3949 1168 eum

1114 1267 1249 1315 csse
1299 1251 1482 1316 vellet
1521 1251 1682 1316 inter
1727 1247 2018 1336 Quatuor
2059 1251 2302 1334 Viros,
2366 1254 2479 1335 qui
2531 1266 2895 1336 conceptam
2946 1249 3023 1319 ab
3075 1268 3219 1334 rege
3268 1248 3451 1317 huius
3513 1246 3765 1315 Artium
3808 1245 3947 1311 D'o-

1112 1395 1577 1477 ctrinarumque
1640 1396 1923 1463 Instituti
1989 1395 2252 1464 formam
2314 1397 2669 1465 accuratius
2734 1419 2849 1481 per
2906 1416 3122 1466 omnes
3178 1413 3383 1481 partes
3437 1415 3585 1464 suas
3636 1393 3944 1462 describe*

1106 1562 1267 1629 ¹rent.
1357 1546 1574 1628 Itaque
1648 1563 1983 1614 noscatus
2061 1547 2244 1614 etiam
2313 1549 2585 1616 Decreto
2640 1547 2836 1633 Regis
2888 1549 3080 1624 ‚inter
3134 1547 3373 1630 primos
3441 1543 3631 1609 huius
3701 1540 3953 1609 Classis

1111 1692 1365 1764 Sodales
1421 1692 1767 1760 honorifice
1822 1694 2024 1757 lectus
2074 1707 2216 1773 est3
2283 1709 2346 1756 et
2404 1694 2739 1773 quamvis,
2800 1694 2921 1757 iam
2983 1707 3275 1776 gravante
3328 1710 3468 1757 eum
3530 1693 3753 1771 senio,
3799 1707 3951 1754 raro·

1107 1845 1382 1924 potuerit
1439 1842 1681 1908 Classis
1744 1838 2160 1908 conventibus
2214 1837 2555 1918 interesse,
2623 1853 2824 1904 tamen
2886 1835 2975 1903 ibi
3029 1855 3285 1920 quoque
3340 1855 3489 1904 suae
3540 1836 3801 1936 aliqu-od
3852 1831 3950 1897 in·

1107 1973 1390 2046 dustriae‘
1433 1980 1875 2062 doctrinaeque
1921 1999 2396 2049 monumentum
2447 1997 2701 2048 exstare·
2742 1982 2945 2050 voluit
2972 2030 2997 2064 ,
3042 1982 3255 2048 missis
3312 1985 3387 2048 ad
3428 1983 3711 2047 Classem
3752 1973 3962 2040 stt-is,

1105 2128 1372 2194 Curis
1447 2129 1890 2197 Secundis
1970 2129 2054 2194 in
2133 2129 2645 2212 Epistol-am
2724 2130 3095 2197 Horatii
3168 2132 3265 2196 ad
3347 2129 3770 2212 Pisones,
3849 2125 3958 2191 d'e

1107 2294 1236 2358 quo
1307 2277 1545 2361 scripto
1622 2280 1878 2347 brevius
1955 2280 2075 2346 iam
2153 2279 2396 2346 dixerat
2465 2279 2534 2346 in
2606 2279 2744 2346 suis
2818 2281 2896 2347 ad
2974 2279 3423 2362 Anthoiogiam
3499 2279 3695 2346 notis.
3808 2276 3956 2342 Hae

1103 2425 1312 2493 Curae
1365 2429 1728 2510 Secundae,
1799 2429 1971 2507 quod
2034 2441 2228 2492 unum
2295 2429 2421 2490 fuit
2490 2449 2525 2486 e
2588 2428 2925 2507 postremis
2982 2425 3487 2492 desideratissimi
3546 2423 3667 2490 viri
3738 2423 3941 2504 operi—

1104 2573 1228 2642 bus
1263 2619 1287 2655 ,
1367 2575 1665 2642 volumen
1757 2575 2077 2643 ornabunt
2156 2569 2535 2642 Latinorum
2640 2571 2884 2640 Classis
2978 2585 3231 2640 nostrae
3327 2533 3958 2639 Commentariorum.

1109 2716 1401 2829 primum.

1191 2860 1495 2929 Boscmo
1563 2878 1800 2944 corpus
1855 2883 1900 2926 a·
1967 2876 2186 2927 natura
2265 2860 2513 2928 firmum
2583 2877 2719 2929 erat·
2745 2907 2769 2944 ,
2842 2863 3029 2944 quod‘
3052 2879 3191 2930 mec
3263 2862 3475 2949 gravi's
3536 2879 3810 2941 unquam
3890 2857 3959 2923 ei1

1114 3000 1378 3073 morbus
1411 3047 1436 3081 ,
1495 3014 1620 3065 nec·
1683 2994 1805 3062 sibi
1857 2995 1993 3079 ipse
2061 2996 2533 3079 intemperantia
2601 2995 2995 3065 labefactavit
3031 3045 3055 3080 ,
3126 2997 3321 3065 homo
3380 2999 3449 3065 in*
3510 3000 3681 3065 omni
3737 3003 3963 3069 victus·

1111 3150 1364 3217 natione·
1409 3148 1783 3232 continens3
1851 3168 1981 3230 quo
2041 3146 2325 3229 factum,
2371 3164 2445 3215 ut
2492 3152 2568 3215 ad
2626 3152 2875 3232 longam
2928 3146 3084 3215 satis
3131 3164 3510 3215 senectutem
3574 3149 3770 3215 facile·
3809 3164 3963 3233 per-2

1111 3302 1371 3369 venerit.
1461 3301 1768 3369 Ceterum·
1827 3300 2134 3369 notabant
2203 3302 2485 3383 medici,
2548 3304 2835 3377 habitum
2897 3302 3229 3385 corporis,
3288 3316 3433 3369 cum
3496 3304 3573 3369 irr
3624 3304 3965 3372 iuventute.

1111 3452 1168 3518 ei
1219 3450 1643 3537 sanguineus,
1717 3468 1903 3531 quem
1964 3467 2242 3533 vocant,
2305 3449 2581 3531 fuisset,
2643 3452 3018 3533 procedente
3078 3466 3272 3518 aetate
3333 3456 3651 3535 paullatim
3718 3453 3965 3521 abiisse

1117 3603 1183 3669 i'n
1239 3597 1720 3683 phlegmaticutn
1755 3644 1780 3677 ‚
1851 3603 2016 3666 unde
2074 3615 2295 3685 torpor
2361 3598 2612 3681 quidam
2668 3599 3060 3685 ingeneratus
3122 3603 3440 3705 membris.
3524 3604 3745 3678 Itaque
3802 3616 3959 3679 pos·

1117 3742 1328 3813 tremis
1397 3740 1559 3803 vitae
1613 3729 1800 3799 annis·
1852 3747 1986 3793 non
2059 3726 2184 3792 nisi
2240 3746 2378 3792 raro
2432 3728 2769 3793 admodum
2844 3731 3034 3795 domo
3105 3732 3311 3799 exibat
3343 3782 3367 3815 ,
3426 3737 3535 3799 sed
3590 3734 3717 3799 fere
3787 3733 3955 3807 intra·

1119 3897 1316 3946 suum·
1369 3899 1438 3945 se
1499 3859 1815 3943 Museum-
1875 3874 2234 3941 continebat
2255 3894 2294 3956 ς·
2348 3874 2710 3957 praesertim
2780 3895 2931 3959 post
2998 3876 3241 3945 fatalem
3305 3881 3471 3949 illam
3528 3902 3694 3951 anno
3758 3887 3967 3954 huius.

1124 4030 1352 4100 saeculi
1431 4028 1671 4095 decimo
1757 4044 1960 4092 rerum
2035 4028 2527 4095 conversionem·
2563 4078 2587 4113 ,
2664 4050 2788 4113 qua
2876 4032 3124 4100 Gallico
3195 4034 3615 4118 Napol'eonti's
3684 4042 3968 4126 imperio·

1125 4198 1264 4266 pars
1333 4177 1430 4243 vel
1491 4176 1707 4262 potius
1773 4179 2100 4258 provincia
2175 4180 2391 4249 Batavi
2458 4186 2863 4257 accessimus.
2960 4189 3089 4255 Cui
3142 4190 3302 4258 fori's
3368 4194 3527 4259 nihil
3586 4197 3709 4264 nisi
3777 4175 3999 4267 triste·⁸

1128 4320 1238 4389 vel·
1295 4317 1626 4382 videndum
1700 4316 1796 4378 vel
1864 4314 2235 4381 audiendum
2311 4334 2523 4401 esset,
2582 4321 2637 4385 ei
2704 4341 2847 4389 non·
2891 4326 3101 4408 potui't
3156 4348 3286 4396 non
3361 4336 3556 4418 magis
3630 4338 3974 4424 magisque·

1128 4472 1380 4554 placere·
1415 4459 1586 4531 domi
1632 4463 1796 4528 inter
1841 4463 2038 4530 libros
2080 4484 2248 4533 suos·
2286 4486 2354 4535 se
2394 4469 2691 4539 abdentis·
2726 4474 2928 4556 quies.
3009 4476 3140 4560 l'psi
3186 4476 3277 4547 illi
3315 4484 3613 4552 salutares
3667 4507 3975 4559 Roscium

1128 4612 1206 4675 ad
1261 4612 1580 4677 sanitatem
1630 4626 1929 4677 excursus
1983 4609 2238 4677 Leidam
2277 4658 2302 4693 ,
2368 4628 2447 4679 ut
2492 4614 2817 4685 Curatoris
2869 4620 2959 4683 ibi
3020 4640 3273 4689 munere
3342 4626 3707 4713 fungeretur
3742 4673 3769 4709 ,
3830 4632 3969 4698 iam-

1129 4774 1259 4844 per:
1297 4771 1574 4843 tempora
1611 4764 1806 4831 etiam·
1854 4764 2321 4834 emittebantur,
2415 4767 2583 4837 Cum
2630 4770 2820 4854 igitur
2874 4770 2947 4838 ei·
2988 4794 3223 4861 corpus
3274 4778 3646 4854 liumorilius
3697 4796 3954 4867 turgens

3836 4938 3983 4985 mab·
