4750 6000
1927 573 1962 587 κ

1175 637 1246 690 Ἠ
2060 620 3134 694 LAUDATIO

1193 824 1492 906 quaedam
1568 821 1868 886 Athenaei
1945 823 2543 891 Atustelodamensis
2618 817 3115 908 opportunitas,
3194 817 3260 882 in
3338 835 3468 898 quo
3540 825 3673 882 tum
3748 819 4021 888 Graecas

1193 971 1586 1052 Latinasque
1653 969 1898 1050 literas,
1963 971 2522 1056 eloquentiamque,
2588 989 2647 1038 et
2698 971 2926 1055 poesin
2980 971 3235 1036 doceret
3288 967 3726 1050 elegantissimi
3786 969 4015 1052 ingeni-i

1189 1122 1325 1202 vir,
1388 1125 1462 1187 P.
1553 1120 1952 1186 Burmannus
2010 1120 2391 1203 Secundus;
2454 1140 2657 1203 neque
2706 1139 2854 1187 sane
2893 1123 3015 1196 illis
3071 1118 3587 1188 committendum
3649 1115 4021 1196 videbatur,

1189 1287 1259 1340 ut
1311 1273 1484 1339 hunc
1553 1273 1736 1337 talem
1811 1270 2014 1336 virum
2075 1271 2364 1336 audiendi
2434 1271 2763 1337 occasione
2823 1288 2947 1340 tam
2992 1289 3066 1340 et
3148 1271 3477 1338 commoda
3534 1282 3597 1332 et
3664 1266 4019 1350 propinqua

1185 1421 1346 1487 nihil
1389 1435 1670 1485 uteretur
1728 1419 2092 1485 adolescens
2148 1421 2256 1485 illo
2305 1418 2605 1506 ingenio,
2663 1423 2773 1488 illo
2828 1423 2895 1489 in
2942 1423 3150 1488 literas
3210 1437 3467 1500 amore,
3534 1419 3614 1484 iis
3668 1416 4021 1484 studiorum

1186 1567 1306 1632 iam
1348 1566 1768 1650 profectibus.
1854 1565 2073 1649 Itaque
2120 1566 2459 1634 Burmanni
2502 1569 2775 1637 Secundi
2826 1570 2902 1646 fit
2946 1573 3196 1642 auditor
3240 1587 3602 1638 aoscmus.

1214 1735 1220 1743 ¹
1261 1717 1426 1782 Esse
1475 1716 1539 1782 in
1586 1715 1706 1784 hoc
1751 1729 1934 1782 coetu
2001 1721 2306 1800 quosdam
2362 1719 2501 1786 scio
2534 1767 2557 1802 ,
2625 1722 2863 1802 quibus
2915 1721 3065 1788 item
3125 1719 3547 1788 Burmannum
3608 1720 3827 1788 andire
3866 1737 4021 1786 con-

1182 1865 1389 1948 tigerit
1426 1912 1452 1945 ,
1533 1869 1646 1934 seu
1699 1864 1984 1948 privatim
2056 1885 2196 1932 eum
2251 1869 2579 1936 docentem
2634 1869 2767 1936 sive
2843 1869 3121 1954 publice.
3212 1835 3645 1939 Meminerant
3716 1871 3857 1954 illi,
3944 1869 4022 1936 de

1185 2037 1317 2101 quo
1364 2016 1658 2084 traditum
1711 2035 1828 2101 ego
1888 2018 1962 2084 ab
2017 2018 2158 2086 aliis
2203 2021 2465 2102 accepi,
2538 2037 2769 2102 quanta
2817 2017 3009 2086 fuerit
3061 2018 3403 2090 Burmanni
3448 2025 3514 2092 in
3562 2023 3847 2090 docendo
3898 2024 4017 2088 ala-

1183 2169 1368 2238 critas
1400 2215 1425 2252 ,
1509 2167 1770 2234 maxime
1817 2171 2322 2252 praestantiorem
2394 2173 2665 2253 aliquem
2744 2172 3041 2242 Latinum
3124 2134 3371 2257 poetam
3444 2171 3860 2255 exponentis3
3944 2187 4021 2243 ut

1179 2347 1440 2412 operam
1497 2327 1732 2393 dederit
1773 2371 1796 2406 ,
1859 2343 1940 2390 ne
1999 2325 2152 2406 quid
2213 2321 2537 2406 pulcriin
2582 2340 2659 2390 eo
2714 2324 2811 2387 vel
2861 2327 3109 2392 venusti
3152 2328 3469 2394 auditores
3528 2343 3683 2390 suos
3724 2318 4011 2403 fugeret3

1186 2492 1256 2541 ut
1303 2477 1370 2544 in
1423 2475 1752 2542 efferendis
1807 2475 2326 2556 modulandisque
2366 2471 2671 2564 *versibus
2727 2473 3003 2538 studium
3066 2474 3405 2554 posueritg,
3488 2489 3646 2553 quae
3698 2483 3823 2532 vox
3878 2462 4014 2526 eius

1129 2617 1432 2708 ‘fuerin
1511 2647 1670 2709 quae
1739 2621 2064 2692 contentio
2143 2624 2401 2687 laterum
2444 2669 2469 2702 ‚
2554 2633 2713 2701 quae
2782 2621 3030 2688 iactatio
3093 2623 3317 2705 capitis
3359 2669 3382 2704 ‚
3467 2619 3578 2702 qui
3652 2612 4015 2680 micantium
4112 2661 4118 2666 .

1180 2777 1512 2843 oculorum
1574 2777 1781 2842 ardor.
1871 2773 2006 2838 Has
2057 2771 2332 2854 egregias
2418 2769 2759 2838 Burmanni
2812 2771 2992 2836 dotes
3064 2771 3333 2854 cogitate
3410 2769 3563 2835 mihi
3598 2805 3625 2839 ι»
3708 2783 3943 2848 quaeso
3984 2807 4011 2845 ,

1185 2922 1272 2989 A.
1311 2922 1395 2989 A.
1421 2970 1446 3005 ‚
1491 2939 1626 2990 tum
1665 2941 1816 2987 vero
1845 2917 1992 2985 huic
2035 2917 2420 3002 praeceptori
2452 2918 2745 2984 traditum
2788 2919 2853 2986 in
2910 2885 3304 3003 disciplinam
3352 2933 3732 2987 noscfflum.
3824 2908 4017 2995 Quod

1179 3074 1544 3138 auditorum
1598 3072 1936 3137 Burmanni
1987 3072 2294 3136 neminem
2342 3069 2467 3135 nisi
2523 3069 2847 3151 stupidum
2904 3084 3011 3136 aut
3056 3073 3133 3137 ad
3190 3070 3485 3154 poeticos
3530 3082 3696 3134 certe
3752 3064 4017 3133 affectus

1193 3218 1524 3303 frigentem
1576 3222 1744 3287 haud
1779 3239 2176 3303 summopere
2208 3220 2587 3287 lectionibus
2624 3220 2699 3287 iis
2750 3220 3094 3302 afficiebat,
3169 3222 3341 3285 illum
3385 3235 3455 3287 ut
3500 3220 3738 3285 afficere
3792 3215 4021 3282 debue-

1186 3370 1325 3451 rit,
1409 3354 1702 3453 cogitate.
1791 3373 1882 3438 Et
1950 3370 2238 3454 profecto
2301 3367 2593 3433 videbitis
2674 3386 2815 3432 eum
2881 3369 3078 3451 prima
3140 3348 3365 3433 statim
3412 3368 3681 3433 lectione
3734 3376 3937 3430 totum
3980 3378 4016 3424 a

1184 3518 1472 3585 >docentis
1519 3538 1628 3586 ore
1673 3522 2040 3603 pendentem
2068 3566 2091 3599 ,
2168 3516 2345 3585 avide
2392 3532 2715 3600 praecepta
2775 3516 2911 3587 eius
2965 3519 3394 3601 haurientem,
3474 3520 3551 3585 ad
3603 3516 3831 3581 citatos
3866 3508 4017 3591 poe·

1187 3680 1391 3735 tarum
1464 3685 1686 3735 versus
1763 3668 1846 3733 ita
1919 3670 2393 3735 incalescentem
2437 3717 2461 3752 ,
2563 3686 2634 3735 ut
2706 3672 2889 3737 vultu
2963 3685 3267 3754 gestuque
3336 3664 3755 3733 incredibilem
3832 3654 4017 3724 animi

1181 3832 1422 3882 aestum
1495 3836 1639 3899 prae
1707 3835 1776 3881 se
1837 3814 2047 3883 ferret.
2151 3816 2254 3882 Sic
2325 3819 2624 3885 incensus
2698 3819 3243 3903 inflammatusque
3309 3819 3565 3885 domum
3646 3812 3827 3878 redit.
3918 3805 4013 3870 lbi

1189 3980 1376 4045 quam
1421 3962 1893 4047 diligentissime
1950 3968 2158 4033 audita
2213 3970 2435 4053 repetit
2472 3992 2495 4052 3
2556 3985 2871 4037 auctorem
2912 3990 2948 4034 a
3001 3968 3357 4034 Burmanno
3412 3976 3741 4031 tractatum
3785 4006 3811 4041 ,
3854 3956 4009 4023 alios

1189 4112 1372 4179 etiam
1405 4160 1431 4197 ,
1514 4134 1790 4197 quorum
1837 4116 2102 4185 excitata
2171 4118 2391 4185 abeo
2460 4122 2601 4187 loca
2668 4112 3057 4189 meminisset
3098 4164 3124 4199 ,
3204 4118 3425 4181 iterum
3476 4116 3611 4198 ipse
3684 4111 3943 4195 inspicit
3986 4156 4013 4189 ,

1191 4260 1403 4347 legit,
1487 4266 1818 4336 meditatur
1854 4313 1877 4348 ,
1961 4269 2130 4334 haud
2181 4270 2421 4335 minore
2478 4232 2663 4351 quam
2719 4285 2895 4340 antea
2970 4269 3163 4337 animi
3218 4266 3633 4335 oblectatione
3671 4310 3696 4344 ‚
3786 4258 4013 4325 maiore

1187 4414 1370 4481 etiam
1427 4412 1892 4498 quodammodo
1941 4423 2019 4485 ad
2065 4422 2491 4513 cognitionem
2534 4421 2775 4490 fructu.
2866 4422 3062 4510 Quod
3112 4423 3261 4488 dum
3298 4414 3582 4501 quotidie
3634 4408 3835 4490 facit,
3880 4421 4014 4471 tan-

1195 4576 1318 4629 tam
1374 4552 1568 4635 brevi*
1601 4586 1760 4633 cum·
1795 4568 2041 4647 optimo
2099 4590 2356 4653 quoque
2410 4572 2771 4640 Latinitatis
2826 4587 3081 4639 auctore
3128 4570 3601 4637 familiaritatem
3652 4561 4011 4641 contrahit,

1193 4723 1266 4777 ut
1309 4731 1496 4780 sensu
1542 4696 1962 4811 Romanarum
2015 4720 2451 4801 elegantiarum
2527 4724 2781 4805 penitus
2844 4723 3225 4787 imbueretur
3276 4718 3361 4783 ei·
3390 4731 3607 4800 pectus
3646 4760 3705 4795 ‚0
3752 4723 4011 4776 acuente

1121 4922 1144 4943 ,
1183 4861 1370 4927 etiam
1423 4878 1686 4932 sensum·
1725 4866 1901 4933 illum
1939 4868 2220 4935 imitandi
2261 4868 2521 4950 studio,
2587 4885 2647 4936 et
2687 4870 2831 4955 ipso
2884 4888 2917 4931 e
2962 4867 3301 4933 Burmanni
3338 4862 3737 4933 institutione
3780 4874 4015 4965 aucto⁹

3839 5010 4009 5089 quod
