4750 6000
1655 531 1964 630 nimam
2036 553 2314 643 Quam.
2710 539 2737 560 ⁸
3225 545 3389 644 ω’
3496 559 3503 566 “

663 725 1033 816 ,Μήποτε
1059 775 1085 810 ,
1141 711 1446 813 imagines
1502 742 1542 793 a
1589 725 1846 792 duobus
1903 724 2028 794 illis
2081 723 2381 794 fratribus
2423 718 2647 807 fictae.
2698 719 2889 808 (Pete
2940 721 3169 794 dixeris
3208 745 3353 794 eum

677 863 751 912 v.
800 865 864 928 3.
911 840 1128 928 legisse
1165 837 1482 924 ὤπτησαν)
1525 839 1628 908 sed
1657 839 1774 924 ipfi
1815 837 2240 932 Theophanes
2291 855 2353 910 et
2396 839 2822 925 TheodoruS,
2868 849 2943 906 tlt
2988 844 3157 924 apud
3200 842 3360 908 Pau-

677 959 812 1028 lum
859 959 938 1026 ad
987 957 1314 1026 Romanos
1355 955 1471 1024 ΙΧ.
1535 978 1646 1026 22.
1703 959 1880 1034 σκεύη
1919 959 2090 1038 ὀργῆς
2143 972 2208 1025 et
2265 957 2458 1035 ἐλέους
2502 953 2652 1022 item
2674 955 2981 1032 ⁸homines.
3016 955 3346 1030 dicuntur.

677 1093 752 1144 v.
803 1091 834 1140 1
849 1093 910 1141 ι.
967 1073 1324 1155 γραφέντες.
1389 1071 1562 1142 Bene
1607 1072 1844 1140 Grotio
1897 1066 2164 1142 vertitur
2210 1073 2381 1157 picti
2436 1075 2627 1138 notis.
2672 1070 3047 1150 βαρβαρικῶς
3092 1074 3363 1148 lxxma·

679 1189 865 1260 θέντες
888 1165 1211 1260 'dicuntur
1249 1187 1416 1270 apud
1455 1187 1816 1254 cedrenum
1869 1187 1916 1254 l.
1951 1205 2016 1254 c.
2093 1186 2260 1254 Mox
2319 1188 2659 1268 ἕςιγμόνους
2702 1194 2895 1250 vocat
2946 1179 3359 1256 Methodius.

611 1341 622 1348 ·
675 1300 980 1382 Scilicet,
1027 1316 1098 1368 ut
1145 1300 1292 1366 item
1344 1301 1676 1370 Cedrenus
1727 1316 1936 1370 narrat
1968 1348 1995 1384 ,
2050 1315 2194 1368 ante
2247 1301 2374 1368 hos
2419 1298 2605 1366 etiam
2654 1297 2929 1367 Sanctus
2974 1296 3355 1366 Methodius

681 1412 748 1481 in
785 1417 1094 1497 quandam
1145 1414 1406 1486 insulam
1459 1421 1808 1504 relegatus,
1853 1417 1947 1484 ibi
2001 1416 2188 1486 vivus
2245 1435 2392 1483 cum
2448 1415 2706 1482 duob-us
2754 1411 3111 1482 latronibus
3154 1416 3222 1482 in
3262 1414 3355 1481 se·

675 1531 968 1612 pulcrum
1015 1531 1294 1601 inclusus
1340 1532 1542 1602 fuerat
1570 1581 1595 1617 ‚
1671 1536 1738 1602 in
1785 1551 1988 1616 eoque
2033 1552 2068 1600 a
2123 1532 2437 1616 piscatore
2474 1531 2747 1614 quodam
2782 1529 3214 1616 nutriebatur3
3280 1532 3350 1599 in

677 1664 866 1726 quem
913 1647 1288 1728 piscatorem
1353 1669 1502 1718 cum
1557 1647 1924 1717 incidissent
1991 1661 2054 1713 et
2107 1647 2427 1716 Methodii
2486 1663 2689 1740 rerum
2744 1645 2888 1728 quis
2936 1647 3097 1716 esset
3146 1645 3353 1714 status

683 1777 758 1824 ex
795 1779 872 1826 eo
910 1763 1392 1847 cognovissent,
1439 1783 1552 1849 per
1583 1767 1848 1834 eundem
1909 1763 1964 1830 ei
1997 1762 2294 1830 miserunt
2327 1778 2453 1830 tres
2490 1756 2783 1846 lambos,
2832 1763 3074 1846 quibus
3116 1763 3217 1830 ille
3258 1776 3359 1832 to-

681 1876 876 1940 tidem
935 1877 1230 1944 trimetris
1291 1879 1631 1962 respondit.
1719 1881 2054 1964 Leguntur
2113 1877 2182 1944 hi
2251 1878 2465 1946 versus
2512 1879 2697 1948 etiam
2736 1881 2905 1962 apud
2944 1876 3349 1948 Constantia.

671 1973 1034 2058 'manassem
1098 1995 1273 2063 nist.
1330 1997 1494 2080 Byz.
1553 1998 1762 2079 scrip.
1802 1999 1849 2063 1.
1887 2015 1950 2060 c.
1999 2014 2070 2078 p.
2109 1998 2219 2078 83.
2263 1995 2391 2062 Ed.
2438 1993 2625 2060 Paris.
2684 2013 2757 2074 p.
2798 2013 2945 2061 100.
2994 1993 3083 2060 ibi
3124 1993 3355 2060 Latine

683 2111 904 2174 redditi
966 2129 1002 2174 a
1057 2108 1446 2178 Leunclavio
1469 2159 1494 2193 ,
1539 2127 1614 2179 ut
1673 2115 1842 2196 apud
1901 2111 2260 2178 Cedrenum
2310 2131 2346 2177 a
2384 2111 2705 2196 Xylaudro
2728 2155 2753 2192 ‚
2798 2105 2900 2175 sed
2952 2107 3039 2174 ita
3073 2121 3145 2176 ut
3184 2107 3359 2174 Gro-

688 2223 890 2292 tianae
929 2226 1458 2310 interpretationis
1493 2229 1856 2311 elegantiam
1897 2245 2028 2296 non
2068 2215 2499 2309 aequiparent.
2558 2305 2565 2310 ,
2780 2199 2793 2212 ⁰

767 2339 850 2404 In
889 2341 1206 2406 tumulum
1253 2340 1696 2428 constantinae
1737 2347 1962 2410 uxoris
2003 2343 2329 2410 Mam-itii
2369 2339 2812 2428 Imperatoris.
2892 2339 3063 2408 Cum
3114 2339 3193 2406 ab
3236 2337 3376 2404 im-.

689 2453 1046 2523 inanissimo
1107 2456 1360 2522 homine
1397 2460 1602 2522 Phoca
1639 2459 1908 2542 primum
1945 2460 2300 2526 Mauricius
2340 2477 2485 2524 cum
2534 2456 2747 2522 libetis
2808 2453 3141 2536 masculis,
3206 2467 3359 2536 post

683 2570 942 2652 aliquod
1001 2587 1252 2653 tempus
1303 2573 1488 2637 etiam
1529 2573 1718 2640 vidua
1757 2577 1894 2661 ejus
1931 2573 2344 2642 Constantina
2396 2589 2543 2638 cum
2592 2571 2797 2638 tribus
2832 2570 3127 2649 filiabus,
3170 2567 3384 2634 inter·‘

685 2683 833 2752 fecti
879 2684 1138 2752 fuissent
1163 2734 1187 2767 ‚
1231 2705 1446 2753 eorum
1487 2690 1767 2756 omnium
1799 2705 2067 2774 cot-pota
2107 2692 2383 2774 (Decem
2424 2704 2629 2755 autem
2672 2683 2883 2770 fuere)
2917 2685 3099 2752 amici
3140 2699 3361 2766 postea

685 2799 1098 2884 sepeliverunt
1157 2803 1220 2868 in
1272 2802 1424 2870 fano
1473 2806 1541 2870 S.
1607 2806 1996 2889 Munianus,
2041 2821 2106 2874 et
2165 2807 2380 2872 Phoca
2433 2808 2560 2892 jam
2598 2819 2901 2886 mortuo,
2948 2816 3022 2868 ut
3060 2801 3356 2879 videtur,

688 2917 850 2982 hanc
903 2917 1188 3002 sepulcro
1249 2921 1528 3006 Elegiam
1593 2921 2055 3007 inscripserunt.
2123 2921 2280 2989 Vid.
2317 2923 2644 2992 Cedrenus
2693 2920 2765 2988 P.
2846 2939 2904 2986 1.
2964 2915 3129 2982 Hist.
3188 2914 3355 2999 Byz-

688 3032 778 3101 T.
843 3036 989 3102 VII.
1041 3056 1110 3119 p.
1159 3040 1312 3121 3¹8.
1355 3036 1544 3104 Paris.
1593 3035 1722 3106 Ed.
1779 3061 1848 3123 p.
1885 3060 2042 3122 404.
2127 3038 2407 3105 Zonaras
2446 3040 2680 3105 Annal.
2717 3034 2871 3103 Lib.
2909 3032 3197 3101 xlv.·c.
3252 3050 3359 3115 14.

685 3149 1094 3235 Nicephorius
1131 3155 1378 3220 Callisti
1403 3154 1567 3221 Hist.
1611 3154 1856 3222 Eccles.
1901 3156 1986 3221 L.
2029 3152 2268 3222 XVIII.
2307 3172 2370 3222 c.
2411 3172 2523 3235 41.
2606 3154 2663 3221 E
2690 3153 2935 3219 Zonara
2958 3163 3021 3216 et
3044 3146 3360 3215 Bandurio

689 3267 1012 3349 Antiquit.
1057 3269 1188 3351 ep.
1229 3268 1392 3335 nist.
1435 3248 1597 3354 35¹2.
1641 3272 1882 3355 script.
1921 3268 2013 3337 T.
2053 3270 2288 3335 xxm.
2335 3288 2407 3350 p.
2460 3284 2607 3350 154.
2656 3268 2784 3335 Ed.
2846 3266 3035 3335 Paris.
3082 3286 3154 3352 p.
3208 3247 3356 3347 i79.

690 3382 941 3464 repetiit
983 3384 1339 3451 Brunckius
1373 3384 1558 3451 Lect.
1597 3400 1659 3451 et
1694 3387 1842 3453 Em.
1891 3404 1958 3467 p.
1999 3404 2148 3467 304.
2196 3404 2266 3450 ac
2307 3384 2531 3450 deinde
2564 3382 2813 3469 Jacobs.
2840 3384 3045 3449 Anth.
3084 3382 3213 3447 Pal.
3265 3377 3356 3448 T.

693 3517 758 3561 2.
806 3516 881 3579 p.
923 3475 1074 3581 792.
1121 3498 1348 3567 Latine
1393 3502 1474 3567 ab
1523 3500 1702 3569 Hier.
1746 3498 1994 3567 Wolfio
2029 3500 2338 3567 redditum
2384 3499 2609 3581 Epigr.
2648 3496 2898 3593 legitur⁸
2932 3498 3099 3579 apud
3152 3496 3363 3561 Zona·

689 3611 816 3675 rati]
842 3657 867 3692 ,-
914 3612 1402 3698 Nicephorum,
1445 3614 1828 3685 Bandurium
1871 3630 1936 3683 et
1969 3617 2236 3683 Anthol.
2293 3612 2445 3681 Lat.
2506 3610 2594 3678 T.
2635 3610 2717 3675 11.
2761 3628 2830 3691 p.
2862 3612 2975 3690 46.
3024 3608 3145 3675 Est
3178 3598 3361 3675 etiam

687 3724 913 3795 Latina
955 3728 1154 3799 vet-fio
1203 3734 1460 3803 metrica
1508 3726 1815 3818 xylandri
1861 3736 2032 3819 apud
2067 3734 2427 3801 cedrenum
2461 3730 2508 3796 l.
2544 3746 2613 3795 c.
2710 3742 2779 3792 v.
2830 3745 2897 3791 ει.
2940 3724 3257 3803 Μαυρικίςυ
3294 3746 3363 3789 τε

651 3841 914 3923 ·Cedr..
1035 3860 1105 3915 v.
1161 3866 1227 3933 3.
1271 3838 1672 3929 stremiace-
1719 3851 1794 3921 In
1831 3849 2160 3919 Chronico
2198 3846 2471 3942 Paschaii
2512 3864 2582 3928 p.
2642 3860 2789 3927 379.
2848 3840 2988 3909 Ed.
3022 3838 3209 3905 Paris.
3248 3848 3371 3903 no'-

691 3966 832 4020 vem
885 3953 1020 4036 ejus
1078 3950 1258 4016 liberi
1309 3966 1763 4050 memor-nnus,
1825 3968 1944 4023 sad
2002 3966 2169 4029 forte
2190 3965 2417 4035 »ΒΜ
2458 3956 2709 4023 hahuit.
2764 3952 2921 4019 Vid.
2962 3955 3049 4017 du
3078 3952 3365 4034 cangius

693 4070 760 4134 in
809 4068 987 4133 Fam.
1025 4066 1295 4150 Byzant.
1333 4086 1403 4151 p.
1463 4069 1612 4137 106.
1663 4068 1810 4151 sqq.
1866 4070 2102 4135 Decem
2141 4086 2413 4153 corpora
2452 4066 2745 4150 sepulcro
2782 4068 3035 4135 condita
3072 4078 3371 4135 memorat

695 4182 1101 4265 Nicephorus
1139 4186 1194 4251 1.
1237 4203 1298 4253 c.
1409 4186 1508 4255 καὶ
1549 4188 1612 4268 ἢ,
1661 4186 1766 4252 Sic
1805 4183 2140 4253 cedrenus
2177 4183 2411 4268 aliique
2448 4202 2709 4267 omnes,
2746 4198 2826 4249 «ut
2852 4182 3127 4270 Jacobfii
3160 4200 3379 4253 emen·

696 4298 937 4367 dationi
985 4313 1140 4387 κοιλῇ
1188 4300 1296 4367 vix
1344 4300 1526 4366 locus
1581 4301 1710 4367 esse
1763 4303 2071 4371 videatur.
2131 4306 2302 4387 λσχίη
2357 4300 2543 4367 etiam
2587 4276 2867 4367 Zonaras
2899 4314 2963 4366 et
2990 4300 3263 4367 Bandur.
3304 4312 3369 4366 at

697 4418 893 4486 Cedr.
933 4418 1209 4501 λεχαίην,
1265 4416 1374 4484 Br.
1401 4416 1732 4502 etJacobs.
1765 4422 1992 4503 λοχείη.
2082 4434 2151 4482 ν.
2198 4436 2266 4497 4.
2314 4413 2777 4483 Demonstravit
2817 4432 2985 4483 tanta
3016 4417 3183 4481 bene
3232 4432 3369 4482 mo·

701 4546 979 4601 ratorum
1029 4530 1388 4616 principum
1459 4530 1723 4614 familia,
1759 4531 1976 4615 'posse
2024 4529 2338 4598 interdum
2392 4533 2577 4599 etiam
2656 4532 2883 4599 bonam
2945 4531 3072 4596 esse
3112 4548 3373 4599 vonum·

701 4654 933 4739 pai-lm,
1001 4665 1226 4745 contra
1249 4649 1612 4715 sententiam
1643 4645 1902 4713 Homeri
1939 4644 2116 4713 Iliad.
2153 4644 2229 4711 B.
2267 4665 2334 4714 v.
2379 4667 2533 4730 204.
2583 4648 2678 4714 De
2718 4644 3082 4714 Theodosio
3116 4646 3369 4728 quidem

623 4846 638 4859 .
699 4758 972 4833 filiorum
1003 4761 1302 4835 Mauricii
1336 4779 1490 4833 natu
1524 4764 1794 4835 maximo
1844 4759 2086 4831 constat
2109 4806 2136 4845 ,
2185 4780 2332 4831 eum
2386 4764 2537 4832 vivo
2597 4774 2771 4847 patre
2800 4744 3117 4830 Caesarem
3154 4774 3214 4825 et
3246 4758 3370 4823 Im·

1937 4908 1942 4913 ·
1986 4878 2043 4945 E
2067 4896 2102 4943 e
2143 4898 2186 4945 2
3169 4920 3177 4925 -
3270 4890 3381 4957 pe·
