4750 6000
2563 359 2576 401 l

1627 527 1717 602 L.
1764 550 1829 620 3.
1876 525 1967 602 Τ.
2008 529 2079 602 6.
2122 529 2256 616 ΕΡ.
2302 548 2386 618 57
2426 563 2528 590 -··
2569 533 2678 604 60.
3463 549 3546 619 33

740 761 747 766 .
842 709 927 782 ιο
967 715 1178 766 moras
1220 696 1385 766 coelo
1428 727 1499 744 -
1543 680 1783 766 Statius
1820 697 2138 769 Thebaid.
2184 700 2272 768 L.
2311 719 2373 786 3.
2427 719 2495 768 v.
2538 699 2688 782 566.
2732 697 2918 786 Ergo
2951 717 3180 768 manus
3219 701 3422 770 vittas
3455 722 3526 744 ·-

838 825 913 874 ‹et
946 807 1124 895 Sylv.
1172 811 1261 878 L.
1308 835 1369 880 1.
1417 813 1631 880 Carm.
1683 817 1863 882 2.'v.
1912 836 2020 896 24.
2081 813 2267 904 Ergo
2310 815 2442 882 dies
2485 813 2720 898 aderat
2761 847 2830 862 —-
2870 813 3191 900 Juvenalis
3228 816 3360 883 Sat.
3415 835 3520 902 13.

838 944 913 994 v.
965 949 1117 1010 204.
1162 926 1474 1024 Reddidit
1514 948 1667 1016 ergo
1706 941 1879 998 metu
1918 954 2019 980 -
2060 944 2122 995 et
2152 930 2287 998 Sat.
2332 950 2437 1012 14.
2461 949 2527 996 ν.
2573 932 2686 1012 64.
2733 928 2918 1015 Ergo
2961 929 3154 1014 mtscr
3193 927 3518 1018 hepidan

838 1043 1234 1112 Claudianus
1295 1031 1509 1127 Epist.
1556 1066 1627 1126 4.
1676 1063 1741 1111 v.
1800 1063 1945 1128 17„

1272 1157 1455 1244 Ergo
1498 1158 1823 1226 lacessitus
1864 1157 2119 1228 tandem
2162 1157 2440 1244 rescribe
2480 1161 2768 1248 roganti.

841 1271 945 1340 Ex
964 1272 1067 1338 his
1086 1271 1229 1338 satis
1244 1287 1497 1356 apparet
1515 1319 1543 1354 ‚
1564 1275 1785 1358 politas
1804 1321 1829 1356 ‚
1861 1276 1973 1358 qni
1992 1277 2093 1344 vel
2114 1277 2333 1359 paucis
2360 1290 2510 1358 post
2523 1275 2802 1358 Augusti
2818 1289 3076 1342 aetatem
3110 1270 3290 1342 annis
3323 1269 3512 1356 scrip-

692 1429 703 1438 ·
840 1383 967 1451 sere
994 1433 1021 1468 ,
1082 1390 1185 1454 vel
1239 1403 1407 1454 certe
1460 1390 1595 1474 ejus
1658 1388 1875 1456 aetatis
1920 1383 2345 1472 praestantiam
2389 1386 2692 1456 imitando
2723 1391 3066 1473 exprimere
3100 1388 3470 1458 studuerunt
3489 1431 3513 1468 ,

838 1504 1121 1572 ultimam
1170 1504 1237 1572 in
1288 1525 1439 1592 ergo
1488 1502 1864 1588 corripuisse
1900 1522 1919 1569 e
1984 1521 2176 1588 quare
2236 1503 2488 1570 illorum
2544 1508 2978 1574 auctoritatem
3033 1503 3289 1572 minime
3327 1522 3513 1586 repu-

836 1617 1124 1686 diandam
1162 1619 1477 1703 arbitror3
1520 1635 1711 1704 atque
1748 1638 1829 1686 eo
1868 1618 2119 1703 quidem
2159 1619 2371 1688 minus
2393 1665 2420 1702 ,
2465 1621 2764 1704 quoniam
2807 1623 3036 1690 Festus
3091 1621 3175 1686 ita
3235 1617 3510 1702 scriplit:

830 1733 1021 1822 Ergo
1054 1750 1414 1824 correptum
1438 1727 1760 1822 figmficat
1806 1732 1971 1800 idem
1984 1781 2011 1816 ,
2087 1731 2259 1822 quod
2306 1733 2486 1826 apud
2540 1736 2818 1806 Graecos
2837 1735 2970 1806 οὔκ
3011 1733 3318 1824 producte
3346 1731 3512 1799 idem

832 1847 1007 1938 quod
1036 1857 1213 1931 χάριν
1234 1897 1259 1934 ,
1301 1853 1413 1918 hoc
1460 1865 1551 1918 est
1584 1853 1841 1938 gratia.
1890 1829 1905 1848 “
1933 1847 2099 1918 Vide
2132 1867 2340 1918 tamen
2379 1853 2455 1919 P.
2475 1851 2904 1920 Burmannum
2934 1851 3076 1918 Sec.
3112 1851 3193 1920 ad
3227 1849 3500 1920 Anthol.

831 1965 983 2032 Lat.
1030 1965 1227 2032 Tem.
1280 1985 1335 2032 1.
1380 1988 1449 2050 p.
1510 1983 1659 2050 357.
1706 1982 1769 2032 et
1810 1965 2007 2032 Tom.
2034 1988 2116 2032 ἀ.
2165 1987 2235 2050 Ρ.
2290 1987 2395 2050 19.

916 2083 1049 2166 Ep.
1100 2085 1207 2164 58.
1256 2081 1355 2150 De
1392 2082 1518 2150 hoc
1552 2081 1681 2168 egit
1730 2097 1853 2149 van
1887 2079 2111 2148 Goens
2150 2081 2227 2148 de
2274 2080 2699 2166 cepotaphiiS.
2746 2101 2817 2166 p.
2869 2099 2979 2167 75.

916 2219 1020 2265 vs.
1066 2220 1130 2265 ε.
1154 2198 1261 2264 Br.
1310 2199 1749 2282 Ἀλεξιμᾶνουὴ
1774 2196 2021 2265 secutus
2043 2243 2068 2280 ‚
2110 2212 2182 2265 ut
2202 2198 2453 2266 videtur
2474 2245 2498 2278 ,
2523 2196 2882 2266 Salmaiium
2903 2245 2928 2282 ‚
2949 2199 3134 2284 cujus
3153 2197 3507 2268 annotatio·

772 2285 777 2296 ⁴
826 2333 943 2385 nes
979 2337 1047 2400 Ρ.
1088 2317 1197 2380 61.
1247 2333 1285 2380 a
1318 2311 1527 2380 verbis
1558 2311 1805 2382 Puells's
1826 2361 1851 2397 ‚
1895 2333 2063 2402 quae
2086 2311 2285 2396 nescio
2300 2311 2476 2380 nihil
2496 2325 2752 2382 mutare
2773 2311 3036 2400 possunt
3055 2358 3084 2396 ,
3121 2333 3198 2384 ex
3229 2313 3498 2400 Jacobsti

824 2407 1129 2499 sententia
1150 2476 1173 2509 ,
1208 2430 1285 2494 ad
1300 2445 1507 2492 meum
1526 2429 1876 2509 exemplum
1896 2426 2124 2510 scripta
2144 2473 2168 2508 ,
2206 2429 2333 2494 hoc
2375 2411 2848 2497 modoarbitror
2865 2431 3122 2514 legenda
3143 2477 3170 2514 ,
3201 2429 3280 2500 de
3309 2429 3444 2499 illis
3463 2475 3489 2514 ,

828 2568 993 2634 quae
1014 2543 1213 2627 neseio
1234 2588 1262 2626 ,
1306 2541 1476 2608 nihi!
1480 2553 1737 2606 mutare
1743 2539 2031 2628 possum,·
2076 2547 2149 2608 in
2180 2546 2263 2610 iis
2281 2564 2447 2632 quae
2469 2542 2831 2628 (intelligo)
2849 2541 3092 2630 possum
3114 2593 3138 2630 ‚
3161 2549 3336 2631 quod
3352 2594 3379 2629 ,
3417 2559 3494 2612 ut

826 2660 1153 2728 exobsuro
1186 2658 1523 2727 litteratum
1560 2658 1799 2739 ductu,
1842 2653 1926 2722 stc
1956 2675 1993 2722 e
2030 2676 2163 2724 non
2198 2659 2412 2726 minus
2445 2657 2712 2726 obscura
2750 2657 3023 2726 Salmafii
3053 2660 3357 2730 scribendi
3395 2679 3494 2726 ra·

823 2779 1001 2846 tione
1042 2789 1253 2859 potest
1303 2771 1589 2856 intelligi.
1677 2790 1744 2840 v.
1788 2791 1860 2854 4.
1904 2767 2016 2860 Bt.
2063 2775 2308 2848 Θυιάδες
2347 2775 2710 2853 Ἀμφίπολιν
2747 2802 2846 2830 -·
2890 2775 3066 2856 quod
3097 2774 3165 2840 in
3225 2772 3486 2856 reliquis
3613 2785 3618 2792 ·

822 2913 957 2963 non
1023 2891 1257 2960 inveni.
1364 2907 1431 2954 v.
1484 2903 1544 2968 ς.
1588 2886 1745 2954 Ald.
1789 2887 1993 2953 Prima
2046 2886 2319 2954 Emend.
2379 2901 2442 2952 et
2517 2883 2804 2956 Secunda
2852 2895 3230 2966 medeantu-
3323 2887 3484 2952 Vul·
3567 2927 3572 2932 ·

820 3026 1023 3099 gattam
1064 3008 1392 3075 lectionem
1432 3002 1559 3072 Ed.
1599 3002 1807 3087 princ.
1837 3022 1983 3071 cum
2037 3002 2173 3071 aliis
2234 3002 2454 3087 priscis
2492 3018 2732 3072 tuetur.
2820 3021 2888 3070 v.
2937 3006 3004 3071 6.
3053 3004 3202 3073 Ald.
3272 3004 3478 3073 Prima

818 3134 1111 3217 ’κύρωσιν
1142 3168 1169 3207 ,
1212 3122 1388 3207 quod
1437 3134 1645 3185 tamen
1690 3117 1851 3186 bene
1879 3116 2167 3189 Secunda
2204 3138 2337 3189 non
2410 3118 2644 3205 recepit
2664 3165 2692 3203 ‚
2752 3118 2856 3187 sed
2911 3140 3028 3205 pro
3071 3121 3227 3194 τοῦδ’
3269 3122 3483 3189 eaden

711 3266 719 3271 ’
816 3246 1009 3317 τοῦσδ’
1078 3238 1330 3305 exhibet
1346 3283 1371 3321 ‚
1412 3249 1603 3303 recte.

904 3360 1037 3443 Ep.
1086 3375 1197 3441 59.
1239 3354 1395 3421 Vid.
1480 3353 1697 3421 Burm.
1771 3354 1841 3421 in
1908 3348 2205 3419 addendis
2254 3354 2333 3421 ad
2401 3348 2796 3439 Propertium
2861 3370 2934 3437 p.
2991 3368 3145 3437 949.
3281 3369 3348 3418 v.
3412 3370 3477 3435 3.

814 3476 899 3543 de
944 3474 1133 3561 Gyge
1192 3470 1369 3544 conf.
1420 3471 1685 3557 eundem
1767 3469 1845 3535 ad
1901 3468 2188 3553 Propert.
2236 3466 2323 3536 L.
2387 3490 2453 3537 α.
2515 3466 2627 3535 El.
2691 3488 2800 3534 20.
2856 3485 2925 3550 p.
3006 3487 3164 3548 400.
3271 3484 3340 3549 v.
3405 3486 3474 3547 4.

812 3589 931 3657 nr.
966 3590 1327 3669 βουπῶμων.
1414 3583 1899 3655 Vid.Valcken.
1936 3586 2012 3650 ad
2046 3584 2482 3650 Ammonium.
2543 3602 2612 3665 p.
2677 3600 2823 3663 190.
2901 3584 3076 3662 quod
3152 3580 3230 3647 ad
3293 3576 3477 3649 suum

814 3704 947 3777 Ex.
990 3702 1170 3769 etiam
1208 3700 1453 3769 notavit
1486 3696 1833 3769 Ruhnken.
1882 3694 2085 3763 Conf.
2129 3696 2217 3765 L.
2266 3700 2331 3763 6.
2383 3693 2472 3761 Τ.
2527 3712 2630 3761 11.
2677 3694 2808 3775 ΕΡ.
2858 3716 2922 3764 2.
2967 3699 3296 3775 βουπάμων
3343 3708 3476 3761 uno

810 3850 870 3903 μ.
924 3814 1315 3893 scribendum
1380 3814 1511 3881 esse
1567 3809 1771 3878 censet
1829 3809 2014 3880 etiam
2082 3808 2454 3897 Jacobfius3
2541 3810 2828 3892 quamvis
2867 3809 2934 3877 in
2982 3808 3275 3877 omnibus
3315 3810 3479 3892 pris-

814 3933 909 3999 cis
950 3931 1024 3999 fit
1068 3932 1362 4015 vulgata,
1418 3947 1626 4011 neque
1669 3928 1845 3994 aliter
1896 3929 2065 4010 apud
2118 3928 2412 3995 Scottum
2455 3924 2522 3993 in
2575 3923 2968 4007 Appendice.
3058 3946 3126 3992 v.
3176 3928 3244 3992 6.
3287 3926 3478 3995 Plinii
3544 3939 3552 3947 “

814 4050 961 4115 loco
982 4092 1007 4131 ,
1051 4048 1139 4114 L.
1188 4068 1253 4114 2.
1300 4066 1362 4113 c.
1411 4047 1519 4111 68.
1568 4060 1754 4125 quem
1802 4043 1881 4109 ad
1938 4042 2109 4109 hunc
2152 4045 2364 4111 locum
2423 4042 2865 4109 illustrandum
2921 4056 3222 4111 memorat
3246 4042 3477 4131 Jacob·

808 4159 989 4242 stus,
1028 4163 1184 4229 adde
1218 4159 1443 4229 Horat.
1490 4160 1577 4229 L.
1628 4180 1694 4225 α.
1740 4157 1871 4225 Od.
1926 4162 2028 4224 18.
2078 4176 2145 4225 v.
2196 4178 2303 4245 23.
3392 4180 3400 4187 ·

895 4277 1026 4361 Ep.
1074 4280 1182 4345 60.
1230 4278 1465 4344 Similia
1480 4251 1733 4363 collegit
1751 4272 2149 4343 doctissimus
2166 4272 2522 4341 Lambinus
2536 4272 2614 4340 ad
2642 4270 3018 4351 eal-Iuram,
3037 4270 3122 4341 L.
3147 4292 3216 4355 4.
3249 4270 3376 4343 Od.
3396 4290 3462 4357 7.

1142 4389 1318 4475 ,Quis
1344 4392 1522 4480 scit,
1566 4413 1653 4457 an
1690 4390 2009 4476 adliciant
2033 4386 2378 4459 hodiernae
2412 4391 2710 4455 crastina
2725 4386 3016 4469 summae

1407 4506 1713 4593 Tempora
1753 4504 1853 4571 Da·
1879 4502 2195 4594 superi?

730 4676 735 4681 -
806 4624 1014 4695 Conf.
1060 4642 1219 4707 quae
1268 4622 1439 4689 dedit
1486 4618 1797 4687 Wetsten.
1844 4622 1925 4687 ad
1976 4622 2107 4705 ΕΡ.
2150 4618 2421 4706 Jacobi,
2487 4617 2653 4700 Cap.
2709 4636 2778 4698 4.
2840 4634 3071 4696 v.1.4
3127 4611 3214 4679 T.
3265 4634 3328 4679 2.
3381 4634 3452 4698 p.

730 4718 741 4729 ⁰
800 4744 969 4825 6.76
1011 4760 1082 4807 v.
1126 4760 1194 4807 s.
1240 4742 1576 4819 Χαρμιτδν,
1618 4751 1746 4807 tres
1784 4737 2098 4821 Aldinae,
2135 4734 2398 4823 Juntina
2419 4780 2444 4817 ,
2521 4731 2704 4802 Basil.
2751 4745 2814 4797 et
2862 4718 3130 4799 Veneta.
3195 4729 3458 4801 Arcens.

804 4860 1005 4942 Χὲρμι
1040 4858 1138 4927 ‘riv
1176 4884 1277 4907 ⁸·-
1316 4852 1385 4923 in
1415 4850 1627 4923 Ptine.
1668 4854 1847 4921 abest
1886 4846 2012 4965 τᾶν.
2558 4899 2566 4907 .
3261 4950 3276 4958 ⁶
3330 4960 3388 5028 Ε

2132 4969 2193 5040 Ε
3392 4982 3460 5047 p.
