4750 6000
1322 487 1479 585 =1'4'0
1735 497 1826 568 L.
1871 502 1938 567 6.
1985 495 2122 572 Tit.
2155 475 2281 586 25.
2327 498 2457 586 ΕΡ.
2510 500 2695 569 16'et
2736 453 2915 582 seqq.
2962 488 3099 565 Tit.
3150 497 3259 564 26.
3306 494 3431 582 ΕΡ.
3480 515 3657 582 1-4.

1263 715 1271 726 -
1347 671 1478 737 Ex.
1527 669 1915 737 Ruhnkenii.
1971 672 2278 754 ’Ἂλλοφος
2342 687 2461 752 pro
2518 667 2791 752 lamec·-
2826 666 2976 732 Vid.
3022 663 3339 734 Homerus
3383 663 3563 733 mad.
3610 666 3696 732 K.
3758 669 3909 750 258.
3950 682 4020 736 et

1346 785 1438 850 ibi
1496 785 1646 850 VV.
1707 785 1856 852 DD.
1921 781 2230 854 (Grotius
2279 801 2537 866 quoque
2596 784 2834 849 Saucia
2870 781 3080 865 cassts.
3134 779 3260 864 L.)
3347 799 3415 848 v.
3465 798 3531 864 5.
3578 781 3687 851 Br.
3724 785 3910 858 αὔτως
3952 797 4019 850 et

1343 901 1576 980 σιδάρῳ.
1686 917 1752 964 v.
1804 903 1844 963 6
1887 913 1949 964 et
1993 918 2058 981 7.
2125 900 2230 965 Ad
2284 899 2420 966 Ex.
2477 899 2743 966 Ruhnk.
2807 943 2862 982 ‚,
2907 899 3131 966 Suidas
3186 915 3257 964 v.
3290 897 3489 986 ἕναρᾳ.
3528 917 3791 982 Ρ.·734.
3835 913 3899 966 et
3938 918 4009 968 v.

1341 1015 1591 1095 λύτρος,
1634 1013 1745 1080 ubi
1790 1013 1928 1082 vide
1975 1016 2229 1082 Kusteri
2271 1032 2455 1084 notas
2498 1037 2566 1098 p·
2606 1014 2811 1097 167.”

1429 1127 1562 1212 Ep.
1619 1131 1727 1197 16.
1789 1129 1956 1198 Vide
2017 1132 2094 1195 de
2153 1130 2276 1197 hoc
2344 1131 2805 1214 Epigrammate
2852 1129 2918 1214 J.
2987 1129 3270 1197 Tristani
3332 1129 3699 1198 Comment.
3763 1129 4006 1198 Histor-

1345 1240 1541 1311 Tom.
1595 1265 1654 1312 1.
1701 1265 1771 1329 p.
1826 1265 1904 1329 52
1951 1262 2013 1313 et
2063 1264 2170 1332 53.
2219 1247 2575 1315 casaubon·
2626 1247 2702 1312 ad
2746 1245 3005 1310 Sueton.
3056 1246 3228 1328 Aug.
3270 1265 3329 1316 c.
3381 1249 3559 1338 181.
3662 1265 3726 1312 v.
3782 1265 3843 1312 1.
3888 1249 4009 1315 τεί-

1325 1379 1454 1440 χεα
1477 1404 1502 1440 ,
1567 1355 1677 1427 Br.
1740 1367 1991 1448 τεύχεα.
2118 1364 2209 1430 At
2251 1362 2523 1428 Grotius
2566 1363 2773 1428 tutela
2796 1405 2820 1442 ,
2888 1361 3063 1442 quod
3107 1359 3326 1426 melius
3386 1363 3463 1428 ad
3504 1362 3711 1444 τείχεα
3734 1409 3758 1442 ,
3820 1381 4011 1444 quam

1341 1474 1422 1538 ad
1481 1477 1708 1556 τεύχεα
1794 1475 2064 1544 refertur
2093 1525 2117 1560 ‚
2217 1479 2362 1544 licet
2434 1477 2628 1543 aliter.
2667 1476 2883 1543 sentiat
2962 1475 3313 1561 Jacobfius.
3473 1495 3542 1542 v.
3608 1496 3672 1541 2.
3739 1465 4003 1556 delusam.

1340 1571 1612 1656 Grotius
1683 1613 1792 1657 nos
1851 1593 2122 1674 smnus,
2159 1613 2364 1676 neque
2406 1595 2579 1659 aliter
2612 1595 2775 1660 Edd·
2808 1592 3083 1658 Priscae.
3134 1591 3241 1655 Bt.
3284 1593 3548 1670 niuem.
3691 1609 3755 1660 ν.
3824 1609 3883 1656 1.
3940 1601 4008 1655 et

1342 1727 1410 1771 2.
1446 1708 1552 1772 Ad
1587 1703 1686 1773 Ex
1747 1707 2016 1774 Ruhnk.
2077 1753 2132 1790 a,
2180 1708 2405 1774 Suidas
2440 1729 2506 1774 v.
2542 1708 2801 1788 ἔμβολα..
2849 1727 2917 1788 p.
2970 1705 3171 1788 720.’'
3256 1725 3322 1773 v.
3378 1726 3440 1789 3.
3490 1709 3597 1772 Br.
3645 1705 3859 1774 ’1-12132.
3894 1704 4003 1770 Sic

1333 1819 1510 1895 ὴίδε.
1555 1819 1710 1890 Lib.
1763 1843 1826 1905 3.
1894 1821 2035 1889 Tit.
2089 1845 2196 1907 32.
2257 1825 2387 1906 Ep.
2438 1845 2543 1890 22.
2604 1821 2758 1886 Vid.
2810 1821 3034 1888 Suidas
3078 1839 3145 1890 ν.
3190 1823 3461 1904 omem.
3508 1839 3578 1903 Ρ.
3631 1838 3779 1902 3ι4.
3827 1833 4001 1887 etv.

1335 1937 1420 2015 ἦν)
1465 1954 1535 2018 Ρ.
1586 1938 1694 2019 63.
1744 1952 1806 2002 et
1847 1936 1935 2002 fic
1975 1939 2054 2003 ad
2099 1939 2224 2004 Ex.
2270 1938 2535 2004 Ruhnk.
2584 1951 2897 2003 notatum.

1182 2013 1188 2022 ’
1305 2059 1309 2066 ’
1419 2049 1550 2132 ΕΡ.
1605 2069 1709 2131 17.
1767 2049 1962 2116 Idem
1993 2051 2393 2136 Epigramma
2450 2053 2633 2136 supra
2672 2053 3007 2117 habuimus
3070 2049 3224 2117 Lib.
3284 2072 3352 2133 4.
3402 2047 3541 2119 Tit.
3592 2073 3705 2136 24.
3750 2055 3883 2137 ΕΡ.
3930 2075 3996 2122 2.

1333 2163 1605 2232 Grotius
1675 2181 1948 2249 utroque
2029 2167 2094 2234 in
2159 2170 2304 2234 loco
2386 2171 2594 2235 eadem
2670 2167 2948 2234 veriione
3024 2167 3173 2232 usus
3242 2183 3361 2234 est.
3448 2167 3649 2234 Conf.
3727 2169 4007 2236 Memoi-

1332 2292 1434 2347 res
1477 2283 1553 2346 de
1596 2281 1950 2350 Literature
2007 2283 2074 2349 in
2125 2283 2611 2352 Commentariis
2662 2285 3033 2352 Academiae
3070 2267 3599 2367 Inscriptionum,
3678 2283 3873 2352 Tom.
3923 2307 3997 2352 2.

1334 2415 1406 2480 Ρ.
1455 2401 1609 2478 287.
2420 2417 2423 2422 ·

1425 2511 1564 2580 Tit.
1616 2505 1728 2580 26.
1772 2516 1904 2598 Ep.
1957 2533 2018 2581 1.
2065 2533 2130 2583 ν.
2181 2535 2246 2584 2.
2293 2517 2401 2583 Br.
2437 2517 2684 2596 σμίλιν.
2728 2517 2836 2580 Ad
2872 2515 2997 2582 Ex.
3039 2512 3304 2580 Ruhnk.
3356 2559 3409 2594 ‚‚
3453 2511 3676 2580 Suidas
3710 2533 3775 2580 v.
3814 2518 4005 2596 cutm

1336 2648 1408 2710 Ρ.
1459 2647 1610 2715 343.
1718 2647 1784 2694 v.
1840 2653 1902 2715 3.
1963 2631 2202 2700 Suidas‘
2244 2652 2313 2698 v.
2369 2637 2495 2700 θῖνα
2548 2651 2617 2715 Ρ.
2690 2635 2839 2714 198.
2888 2649 2960 2696 v.
3010 2633 3218 2710 κίσηρις
3253 2647 3321 2713 Ρ.
3372 2649 3519 2714 319.
3566 2629 3717 2696 vid.
3754 2645 3816 2696 et
3864 2629 4000 2696 Sa}-

1167 2701 1174 2710 .
1269 2723 1298 2746 ‘
1333 2741 1484 2811 mas.
1525 2746 1604 2810 ad
1638 2741 2102 2816 Tertullianum
2150 2753 2226 2817 de
2262 2745 2460 2840 Pallio
2494 2767 2564 2832 p.
2606 2749 2811 2832 293.”

1415 2863 1548 2944 Ep.
1599 2883 1663 2927 2·
1699 2873 2321 2958 ἎΔΑΜΟΧΛΡΙΔΟΣ
2388 2863 2572 2942 etiam
2634 2863 2895 2930 Gruteri
2954 2863 3081 2930 Ex.
3134 2877 3285 2929 nota
3338 2863 3415 2929 ad
3454 2863 3579 2929 Ex.
3630 2862 3999 2930 Ruhnkenii

1333 2993 1397 3047 et
1421 2977 1806 3045 BrunckiuS.
1937 2995 2006 3043 v.
2061 2996 2121 3045 1.
2186 2985 2603 3065 γραμμοτόκῳ.
2665 2981 2794 3049 Ed.
2858 2977 3009 3048 Vet.
3145 2999 3214 3045 v.
3284 2997 3347 3062 3.
3413 2978 3518 3043 Ad
3554 2980 3677 3046 Ex.
3724 2980 3995 3079 Rubnig.

1334 3145 1388 3182 „
1435 3095 1660 3162 Suidas
1723 3110 1792 3157 v.
1841 3092 2098 3161 κελαινόν
2140 3115 2210 3176 p.
2239 3097 2461 3191 ,293.”
2567 3120 2634 3165 v.
2685 3114 2750 3179 5.
2802 3096 2910 3161 Br.
2954 3098 3208 3178 κόσμον,
3298 3110 3363 3160 et
3419 3094 3501 3160 fic
3550 3092 3809 3160 Gruteri
3864 3096 3993 3161 Ex.

1324 3230 1390 3282 et
1453 3206 1726 3279 Salmafii
1783 3208 2271 3279 Annotationes.
2339 3216 2428 3279 At
2482 3222 2695 3295 κόσμει.
2748 3213 2943 3277 servat
3006 3208 3261 3275 Salmas.
3304 3211 3383 3275 ad
3422 3194 3883 3277 Tertullianum
3916 3210 4002 3275 de

1207 3314 1218 3327 ⁴
1318 3328 1515 3398 Pallio
1573 3345 1642 3409 p.
1700 3344 1850 3407 299.
1897 3329 2108 3405 selmon
2169 3325 2350 3394 etiam
2390 3326 2619 3394 Suidas
2684 3332 2750 3396 in
2808 3346 2875 3393 V.
2932 3329 3243 3407 κίσηρις..
3285 3323 3397 3406 qui
3448 3323 3753 3391 videndus
3812 3340 3997 3392 nota-

1317 3459 1426 3510 tur
1457 3446 1536 3511 ad·
1577 3443 1706 3511 Ex.
1749 3441 2142 3509 Ruhnkenii.
2233 3461 2300 3510 v.
2347 3462 2415 3524 7.
2459 3453 2773 3527 γλυφανοῦ
2810 3442 3028 3508 Burm.
3068 3439 3212 3506 Sec.
3256 3454 3317 3503 et
3337 3438 3577 3505 notaad
3594 3440 3720 3507 Ex.
3768 3441 4003 3508 Ruhn-

1321 3559 1516 3625 kenii.
1563 3558 1673 3624 Br.
1717 3576 1980 3639 quoque
2017 3560 2326 3639 γλυφάνδν
2370 3563 2659 3637 madan-v
2720 3573 2783 3623 et
2844 3558 2909 3623 in
2972 3556 3094 3620 fine
3153 3552 3365 3620 versus
3428 3557 3676 3630 σιδήρου.

1405 3676 1536 3757 ΕΡ.
1589 3692 1650 3755 3.
1718 3690 1784 3737 v.
1839 3690 1896 3736 1.
1957 3670 2067 3735 Ad·
2111 3670 2235 3736 Ex.
2297 3668 2565 3733 Ruhnk.
2639 3715 2695 3751 ‚‚
2742 3672 2967 3734 suidas
3024 3686 3088 3733 v.
3126 3670 3293 3747 γυρόν
3341 3686 3409 3747 Ρ.
3442 3664 3645 3746 5ο4.”
3689 3664 3887 3735 Conf.
3930 3682 3996 3734 et

1319 3788 1475 3855 VV.
1505 3788 1658 3853 DD.
1698 3788 1777 3850 ad
1809 3784 2122 3851 Thomam
2166 3784 2549 3868 Magistrum
2592 3804 2664 3868 p.
2697 3804 2853 3868 492.
2945 3803 3010 3849 v.
3058 3803 3122 3847 2.
3169 3779 3335 3847 Vide
3382 3779 3631 3847 Salmas.
3692 3780 3754 3847 in
3814 3781 4001 3849 notis

1275 3976 1278 3981 ,
1322 3908 1402 3971 ad
1456 3900 1834 3968 Tertulliau.
1901 3900 1976 3963 de
2041 3898 2237 3963 Pallio
2297 3917 2368 3981 p.
2423 3918 2574 3981 293.
2682 3920 2751 3966 v.
2804 3921 2873 3983 3.
2916 3900 3020 3966 Ad
3062 3900 3190 3967 Ex.
3243 3894 3507 3962 Ruhnk.
3558 3940 3610 3979 ‚,
3654 3894 3810 3963 Vid.
3859 3898 3999 3964 Sal·

1326 4020 1475 4085 mas.
1541 4020 1618 4085 ad
1678 4014 1882 4082 Solin.
1943 4032 2013 4094 p
2083 4029 2236 4097 735.
2302 4014 2392 4080 A.
2456 4026 2626 4079 etv.
2666 4033 2738 4096 4·
2780 4058 2835 4098 ,‚
2878 4040 2978 4099 γρ.
3022 4014 3291 4095 taulus-⁹
3401 4032 3469 4086 v,
3516 4032 3580 4095 7.
3626 4013 3731 4077 Gr.
3773 4016 3995 4098 χρόνῳ

1193 4192 1202 4206 ,
1326 4154 1393 4204 v.
1453 4148 1516 4215 5.
1571 4132 1796 4216 βυσσὸν.
1857 4128 2022 4193 Vide
2076 4130 2168 4195 de
2214 4129 2338 4195 hoc
2396 4148 2555 4196 voce
2598 4130 2818 4198 Schol.
2864 4132 3033 4214 apud
3077 4128 3430 4197 Bamefium
3474 4128 3551 4194 ad
3593 4126 3769 4194 Iliad.
3817 4126 3872 4194 1.
3915 4146 3982 4195 v.

1323 4270 1476 4333 499.
1526 4261 1588 4311 et
1635 4244 2080 4329 spanhemium
2124 4244 2205 4310 ad
2247 4242 2697 4327 Aristophanis
2742 4246 2997 4313 Plutum
3043 4264 3109 4311 v.
3158 4248 3320 4313 2·66.

1411 4366 1540 4445 Ep.
1587 4382 1657 4442 4.
1702 4370 1803 4429 τοῦ
1847 4364 2024 4429 αὑτοῦ
2069 4360 2248 4425 etiam
2293 4358 2553 4425 Gruteri
2596 4362 3026 4445 Exemplum,
3083 4376 3235 4427 nora
3278 4362 3357 4426 ad
3398 4360 3525 4427 Ex.
3572 4354 3989 4439 Ruhnkenii,

1327 4496 1388 4547 et
1449 4477 1804 4544 Brunckius
1868 4474 1957 4544 T.
2009 4497 2071 4561 3.
2117 4498 2185 4561 Ρ.
2236 4479 2342 4557 87.
2452 4496 2521 4543 v.
2574 4497 2637 4560 3.
2682 4478 2787 4542 Ad
2821 4476 2946 4543 Ex.
2994 4472 3262 4543 Ruhnk.
3315 4520 3370 4558 „
3414 4474 3641 4541 suidas
3682 4492 3749 4540 v.
3784 4474 3995 4557 χάλυ·
4074 4549 4081 4558 ,

1171 4593 1181 4604 ’
1323 4600 1432 4683 esf
1487 4614 1562 4679 Ρ.
1615 4592 1819 4677 652.”
1921 4610 1992 4663 v.
2063 4610 2126 4676 5.
2187 4593 2293 4663 Ad
2347 4594 2475 4666 Ex.
2534 4589 2803 4671 Ruhnk.
2852 4638 2908 4679 2,
2953 4592 3185 4662 suidas
3222 4610 3292 4663 v.
3338 4594 3559 4678 ὄκριόεκ
3601 4610 3673 4677 Ρ.
3720 4590 3875 4673 676.
3920 4598 3992 4651 et

2499 4746 2502 4749 -
3911 4720 3989 4769 τ.
