4750 6000
1267 527 1354 591 ⁸4
2078 511 2277 618 1⁰43.
2322 514 2417 586 T.
2465 519 2529 587 6.
2577 519 2708 605 Ep.
2763 520 2842 588 16
2863 461 2956 571 x-
3011 518 3114 585 18.

1274 678 1563 780 stridulae
1612 679 1990 750 remissionis
2045 679 2582 770 significationem.
2647 687 2867 757 Conf.
2897 683 3240 758 doctisfimi
3295 684 3724 758 Valckenaerii
3774 705 3964 760 notas

1268 798 1351 862 ad
1394 797 1683 880 Euripid.
1736 801 1977 868 Phoen.
2026 821 2091 870 v.
2142 807 2289 886 857.

1354 931 1421 979 v.
1474 936 1535 981 ει.
1582 915 1689 982 Br.
1736 919 2020 998 φλυάκων
2070 933 2143 986 ut
2196 921 2366 1003 apud
2415 919 2607 987 Salm.
2671 921 2781 1004 qui
2837 921 3272 987 Rhinthonem
3319 921 3654 1005 Φλύακας,
3699 923 3804 992 seu
3841 945 3959 1007 po-

1160 1104 1172 1114 l
1266 1029 1398 1096 tius
1426 1036 1703 1112 φλύηκας
1736 1029 2047 1114 scripsissex
2066 1035 2400 1102 existimat.
2489 1039 2612 1104 Sed
2663 1039 2791 1104 vid.
2847 1035 3326 1122 Wyttenbachii
3359 1033 3528 1103 Bibl.
3569 1033 3737 1107 Crit.
3785 1046 3952 1115 part.

1271 1167 1337 1213 2.
1383 1148 1516 1212 vol.
1563 1165 1622 1212 1.
1664 1165 1731 1229 p.
1775 1168 1879 1230 34.
1918 1151 2099 1218 Adde
2139 1155 2456 1238 Koppiers
2493 1153 2760 1238 Observ.
2809 1154 3036 1220 Philol.
3085 1173 3155 1237 p.
3197 1153 3308 1220 86.
3351 1164 3416 1215 et
3457 1153 3564 1230 87.
3610 1149 3780 1214 Mihi
3811 1168 3956 1217 vera

1262 1263 1513 1356 videtur
1566 1264 1753 1330 lectio
1777 1313 1800 1346 ,
1850 1286 2007 1349 quae
2063 1284 2157 1335 est
2228 1269 2294 1335 in
2348 1273 2626 1354 margine
2681 1271 2973 1338 Wechel.
3030 1272 3376 1346 κορύμβων,
3437 1281 3625 1346 quam
3681 1262 3956 1330 Grotius

1262 1357 1511 1444 secutus
1560 1393 1658 1445 est
1717 1395 1779 1446 et
1840 1383 2123 1464 optimus
2181 1403 2546 1470 praeceptor
2609 1406 2786 1453 meus
2834 1387 2907 1453 P.
2963 1385 3364 1452 Burmannus
3417 1381 3750 1448 Secundus
3803 1400 3954 1462 pro·

1259 1493 1436 1560 bavit
1476 1497 1552 1562 ad
1600 1497 1870 1564 Anthol.
1918 1497 2067 1566 Lat.
2116 1515 2275 1569 tom.
2326 1525 2389 1570 2.
2427 1523 2494 1586 p.
2533 1525 2642 1588 99.
2699 1504 2893 1586 Apud
2927 1496 3280 1586 jacobfium
3315 1498 3382 1564 in
3419 1495 3696 1564 versione
3735 1495 3950 1564 Grotii

1261 1630 1380 1693 pro
1406 1617 1673 1699 proprie
1695 1616 2022 1697 legendum
2052 1623 2353 1706 propria.
2416 1621 2558 1684 Viri
2600 1617 2941 1686 doctis-fimi
2991 1618 3090 1682 hic
3151 1616 3406 1681 Suidam
3469 1615 3532 1678 in
3589 1617 3750 1678 'voce
3808 1621 3950 1686 Ῥίν-

1258 1733 1362 1799 θων
1442 1726 1615 1810 sequi
1670 1732 2057 1813 maluerunt,
2152 1753 2213 1802 et
2268 1737 2485 1820 potius
2538 1739 2864 1820 poetarum
2913 1711 3116 1817 nugas
3145 1777 3168 1812 ,
3217 1749 3406 1814 quam
3447 1729 3684 1794 meritis
3739 1743 3945 1810 partas

1257 1843 1515 1910 hederas
1550 1863 2053 1915 commemorare.

1342 1961 1475 2044 Ep.
1529 1981 1628 2043 17.
1689 1983 1755 2030 v.
1821 1983 1889 2045 4.
1956 1968 2034 2031 ad
2089 1965 2384 2052 Exempi.
2453 1967 2792 2034 Burmanni
2847 1965 3154 2053 junioris-2
3261 1964 3652 2035 Meuium-staec
3717 1964 3944 2048 optime

1255 2073 1531 2164 Holsten.
1581 2076 1672 2143 ad
1727 2079 1941 2167 Steph.
1990 2080 2152 2167 Byz.
2212 2100 2311 2170 p..
2337 2087 2446 2165 78.
2487 2083 2594 2149 ubi
2645 2099 2707 2149 et
2761 2085 3008 2150 inedita
3067 2085 3208 2149 alia
3258 2081 3334 2147 de
3381 2077 3716 2162 Meleagro
3779 2077 3944 2165 Epi-

1242 2202 1620 2284 grammata
1652 2195 1941 2284 profert.
2027 2198 2404 2285 Menippum
2434 2198 2507 2284 se
2551 2205 2882 2269 imitatum
2919 2199 3044 2293 esse
3075 2195 3452 2287 profitetur.
3543 2195 3774 2282 Neque
3814 2195 3942 2260 ali·

1244 2324 1353 2377 ter
1394 2313 1552 2400 legit
1609 2313 1919 2395 Grotius,
1967 2319 2083 2402 qui
2124 2318 2326 2384 vertit

1592 2429 1971 2495 Securus
2015 2451 2378 2514 venenas,
2427 2451 2665 2501 nocTE
2712 2451 3027 2500 nemppe
3055 2481 3080 2514 ‚
3127 2451 3337 2513 TUAs.

1244 2557 1311 2610 et
1344 2545 1433 2629 fic
1476 2541 1826 2610 Brodaeus.
1874 2547 2001 2612 Cui
2041 2549 2295 2616 lectioni
2334 2548 2542 2633 favet,
2593 2554 2767 2633 quod
2805 2551 2870 2617 in
2897 2551 3066 2617 Edd.
3105 2549 3329 2632 priscis
3371 2545 3637 2612 habetur
3677 2551 3786 2623 μὲν
3839 2547 3937 2614 ἱπ-

1243 2665 1463 2736 πεΙκκ.
1552 2659 1751 2728 Conf.
1798 2664 2061 2728 eundem
2106 2664 2394 2732 Holsten.
2441 2667 2486 2732 1.
2537 2687 2596 2733 c.
2647 2687 2714 2748 p.
2761 2687 2907 2732 112.
2959 2659 3434 2744 Hemsterhipd
3471 2663 3744 2729 Lucian.
3773 2677 3823 2728 t.
3873 2681 3933 2729 1·-

1247 2795 1318 2860 p.
1386 2780 1492 2859 87.
1542 2795 1603 2844 et
1660 2777 1901 2846 Eldikii
1952 2780 2206 2862 Suspic.
2258 2781 2590 2863 specimen
2631 2802 2699 2865 p.
2744 2785 2850 2848 2⁸.
2899 2779 3231 2848 Salmasius
3272 2779 3336 2844 in
3386 2777 3556 2842 notis
3599 2799 3668 2860 p.
3719 2797 3826 2861 57.
3874 2793 3938 2845 et

1244 2895 1324 2962 ad
1368 2895 1657 2961 Solinum
1711 2913 1779 2976 p.
1828 2897 1979 2976 607.
2029 2895 2150 2978 legi
2214 2898 2420 2964 voluit
2479 2901 2813 2977 Meam-dece,-
2832 2945 2856 2978 ,
2897 2914 2973 2963 ut
3027 2897 3091 2962 in
3141 2894 3412 2960 carmine
3450 2879 3734 2958 nondum
3795 2893 3938 2958 vul·

1242 3026 1418 3096 gat0.
1505 3012 1842 3097 Meleager
1884 3016 2047 3097 enim
2094 3021 2450 3091 Μελητείους
2482 3020 2740 3099 χάριτας
2782 3014 2860 3080 de
2899 3012 3170 3078 Homero
3214 3008 3389 3078 dixit
3441 3008 3522 3075 ab
3553 3028 3739 3072 amne
3783 3008 3931 3072 Me·

1240 3130 1363 3195 lete
1386 3178 1408 3212 ‚
1471 3136 1588 3217 qus·
1602 3113 1968 3217 ‘Smyrnam
2012 3128 2400 3214 circumfluit
2418 3177 2442 3212 ,
2500 3130 2664 3196 unde
2707 3153 2846 3198 eum
2879 3132 3179 3219 plerique
3219 3140 3504 3213 veterum
3546 3130 3920 3203 Μελησιγενῆ

1231 3248 1613 3335 appellant,
1661 3260 1722 3311 et
1774 3251 2045 3321 Μέλητος
2089 3245 2223 3314 υἴον.
2319 3246 2424 3313 Sic
2486 3246 2732 3315 Tibull.
2785 3248 2871 3315 L.
2925 3269 2992 3330 4.
3035 3248 3250 3321 Carm.
3295 3266 3356 3311 1.
3397 3262 3461 3309 v.
3527 3260 3677 3305 200.

1669 3358 1855 3441 Posse
1894 3358 2213 3427 Meleteas
2261 3382 2369 3428 nee
2412 3348 2666 3431 mallem
2711 3370 2962 3434 vincere
3005 3366 3292 3429 chartas.

1228 3478 1341 3546 ubi
1404 3478 1537 3545 vid.
1585 3477 1736 3542 VV.
1788 3476 1937 3541 DD.
1984 3490 2195 3543 notas.
2284 3480 2581 3547 Salmafio
2623 3483 2974 3563 adsentior,
3025 3478 3312 3579 quemvis
3345 3476 3559 3543 Emm.
3603 3471 3924 3537 Martinus

1224 3596 1440 3680 Epist.
1490 3594 1574 3662 L.
1622 3615 1689 3676 4.
1740 3612 1807 3675 p.
1866 3594 1986 3659 186
2031 3608 2091 3658 et
2144 3600 2286 3677 187.
2336 3596 2459 3664 hoc
2501 3618 2635 3667 non
2669 3602 2919 3683 probet.
2967 3618 3034 3665 v.
3091 3615 3155 3679 7.
3205 3594 3316 3659 Br.
3355 3586 3587 3671 γεὶτὼν.

1308 3714 1441 3799 Ep.
1498 3718 1599 3779 18.
1648 3711 1801 3777 Vid.
1851 3708 2285 3779 D’Orvillium
2330 3716 2408 3779 ad
2443 3714 2689 3781 Charit.
2740 3735 2807 3797 p.
2857 3736 3010 3797 410.
3059 3710 3234 3794 quod
3283 3706 3466 3771 etiam
3513 3706 3590 3770 ad
3629 3702 3920 3783 Exempl-

1197 3808 1491 3897 Ruhnk,
1541 3840 1877 3907 notatum3
1926 3842 1988 3893 et
2036 3846 2103 3891 v·
2157 3828 2221 3892 6.
2268 3832 2452 3909 ιὲρὸς,
2501 3848 2534 3891 e
2567 3829 2763 3896 Grut.
2812 3848 2873 3895 et
2919 3830 3099 3914 Sylb.
3149 3844 3215 3891 v.
3267 3844 3327 3905 3.
3365 3842 3432 3901 4.
3480 3817 3762 3885 conferre
3795 3836 3926 3881 ma·

1221 3942 1455 4008 luimus
1502 3960 1645 4006 cum
1686 3940 1803 4021 iis,
1852 3960 2010 4021 quae
2053 3942 2129 4006 de
2174 3942 2438 4013 fortuna
2491 3946 2834 4031 leguntur,
2895 3946 2980 4011 L.
3033 3965 3094 4011 1.
3157 3955 3210 4005 t.
3262 3958 3365 4003 12.
3429 3954 3486 4001 e.
3529 3956 3599 4017 4.
3662 3934 3754 3999 T.
3804 3940 3915 4014 25'

1223 4076 1284 4124 e.
1337 4081 1399 4125 2.
1448 4072 1509 4123 et
1554 4056 1642 4123 T.
1708 4063 1813 4124 80.
1860 4072 1916 4123 e.
1962 4078 2021 4122 Ι.
2088 4062 2257 4135 ἐλπὶς
2310 4064 2408 4127 καὶ
2453 4064 2524 4130 σὺ
2577 4066 2748 4147 τύχη
2787 4065 2956 4141 μέγα
3000 4060 3280 4141 χαίρετες
3329 4071 3514 4135 quam
3547 4050 3923 4115 emendatio·

1220 4194 1366 4244 nem
1410 4190 1669 4243 tentare.
1739 4172 1845 4239 Sic
1906 4192 1970 4239 v.
2024 4188 2086 4255 5.
2132 4190 2264 4238 non
2305 4170 2465 4239 nihil
2519 4196 2854 4245 commune
2889 4176 3119 4255 habet,
3179 4190 3324 4239 cum
3388 4169 3486 4235 iis
3523 4166 3742 4235 Ovidii
3789 4165 3922 4233 He

1221 4295 1385 4365 roid.
1432 4288 1579 4362 XV.
1631 4310 1695 4358 v.
1753 4294 1920 4372 1932.
1990 4364 1995 4370 .
2128 4310 2137 4319 ’

1640 4408 1906 4475 Plectra
1948 4403 2161 4471 dolore
2203 4420 2468 4472 tacent·
2442 4462 2460 4491 ,
2513 4426 2696 4478 muta
2739 4410 2952 4478 dolore
2997 4412 3146 4497 lyra
3189 4420 3306 4473 est.

1305 4545 1370 4591 v.
1420 4528 1486 4591 6.
1534 4526 1659 4591 Ed.
1686 4526 1889 4607 princ.
1937 4522 2111 4591 κεῖσθ·
2152 4527 2275 4591 ἐπεὶ
2321 4558 2410 4577 --
2457 4526 2566 4593 εὗδ’
2607 4522 2715 4606 ἰρός
2759 4525 2858 4594 οἷδ’
2898 4530 3170 4607 Ἀχέρων.
3198 4522 3352 4589 Ald.
3411 4518 3653 4603 prima,
3697 4512 3912 4581 secun-

1210 4642 1329 4719 da,
1373 4643 1550 4726 Junt.
1596 4638 1859 4705 Ascens.
1930 4653 1993 4702 et
2027 4638 2163 4703 Bas.
2210 4640 2346 4721 ἱρὸς.
2395 4639 2497 4707 sed
2535 4638 2687 4709 Ald.
2740 4640 2966 4723 tertia,
3035 4660 3222 4723 quam
3283 4636 3566 4721 sequitur
3615 4632 3898 4725 Veneta,

1212 4754 1531 4843 supplevit
1571 4756 1853 4839 versum‘,
1898 4758 2196 4843 legende.

3705 4860 3880 4936 κᾶσθ’
3882 4904 3910 4941 ,
