4750 6000
1363 557 1484 623 1268
1715 521 1722 530 ’
2257 551 2344 622 L.
2395 533 2461 637 7.
2500 553 2637 636 ΕΡ.
2688 554 2803 637 198
2852 562 2915 616 et
2958 549 3133 634 seqq.

1367 721 1574 789 Evenz
1598 768 1621 802 ‚
1687 721 1796 788 ubi
1860 737 1927 789 V.
1983 738 2045 786 1.
2108 722 2172 790 ἐκ
2217 722 2302 792 δυ’
2340 721 2588 800 ὀλέθρων.
2684 719 2856 786 eod.
2912 717 3064 785 MS.
3106 743 3175 788 εκ
3214 717 3327 790 δύω
3368 717 3595 799 λυθῶ.
3640 715 3849 786 Conf.
3896 741 4044 790 cum

1371 837 1498 904 hoc
1543 833 2008 920 Epigrammate
2049 832 2204 901 Lib.
2254 853 2317 899 0.
2366 832 2457 897 Τ.
2510 854 2613 916 14.
2661 837 2790 920 Ep.
2840 858 2905 902 2.

1445 951 1577 1031 Ep.
1633 969 1779 1034 199.
1841 952 1964 1019 Est
2017 952 2199 1018 interi
2228 950 2695 1034 Epigrammata
2762 951 3072 1018 Stratonis
3140 947 3309 1032 apud
3368 947 3755 1020 Brunckium
3818 953 3914 1022 T.
3974 976 4039 1024 0.

1369 1082 1447 1145 1).
1499 1083 1647 1146 377.
1691 1065 1803 1130 ubi
1846 1071 1985 1138 δέκα
2023 1071 2152 1149 δέξο
2193 1069 2291 1136 καὶ
2334 1070 2557 1136 εἴκοσιν.
2603 1068 2777 1134 ἀντία
2816 1071 2864 1135 ὃ·
2902 1067 3078 1146 ἕξεις.

1456 1175 1586 1261 ΕΡ.
1639 1201 1786 1244 000.
1823 1183 2077 1260 ’Ἄδηλον
2117 1182 2184 1247 in
2227 1183 2511 1247 lemmate
2566 1178 2832 1274 ¹Gruteri
2894 1178 3297 1262 Exemplum.
3443 1195 3511 1244 v.
3566 1199 3630 1245 2.
3676 1179 3783 1248 Bt.
3830 1188 4045 1250 Nava·

1365 1297 1476 1376 ybv
1513 1301 1709 1378 Φιλίη.
1761 1295 1910 1363 vid.
1961 1298 2038 1363 ad
2079 1297 2166 1363 L.
2221 1317 2280 1364 1.
2333 1295 2419 1362 Τ.
2471 1315 2575 1380 55.
2620 1297 2753 1379 Ep.
2800 1299 2865 1360 8.
3160 1285 3171 1294 ’

1453 1409 1584 1493 ΕΡ.
1634 1433 1782 1492 001.
1824 1422 2235 1482 ΡΟΤΦΙΝΟΤ
2280 1428 2343 1479 et
2396 1413 2655 1481 Gruteri
2706 1409 3112 1492 Exemplum.
3206 1407 3373 1474 Vide
3411 1409 3490 1474 de
3536 1410 3661 1478 h'oc
3710 1413 4044 1499 Epigram-

1362 1541 1528 1592 mate
1573 1527 1918 1616 Ruhnken.
1964 1527 2091 1610 Ep.
2137 1531 2304 1598 Crit.
2353 1551 2423 1614 p.
2476 1551 2581 1613 73.

1453 1640 1582 1725 Ep·
1627 1667 1782 1712 000.
1827 1661 1894 1712 v·
1947 1664 2012 1710 2.
2057 1643 2376 1726 ποοῲυρέης
2419 1645 2773 1726 τερπνότερον
2812 1639 3087 1711 κάλυκος.
3132 1639 3235 1706 Sic
3284 1641 3412 1722 Ep.
3464 1659 3616 1708 211.
3662 1644 3860 1718 πάσης
3900 1671 4029 1728 τερ-

1359 1759 1614 1840 marem
1653 1763 1930 1835 κάλυκος.
2009 1779 2077 1826 v.
2128 1779 2192 1843 3.
2241 1759 2411 1835 Aemi,
2452 1758 2742 1834 λυγδινὶη.
2824 1751 2987 1816 Vide
3032 1771 3189 1835 quae
3233 1755 3585 1839 scripsimus
3628 1760 3705 1825 ad
3750 1759 3907 1827 Lib.
3952 1782 4044 1841 4.

1369 1866 1460 1936 T.
1518 1891 1622 1936 12.
1667 1873 1798 1956 Ep.
1852 1893 1997 1958 125.
2129 1895 2198 1942 v.
2242 1894 2310 1954 4.
2353 1869 2593 1936 Grotio
2644 1868 2795 1934 haec
2846 1872 3120 1936 vertenti
3168 1873 3609 1942 obversabatur
3654 1874 4039 1942 ovidianum

1365 1983 1636 2055 Heroid.
1681 1987 1813 2072 Ep.
1864 2013 1971 2057 20.
2018 2011 2084 2057 v.
2133 1991 2242 2055 60.
2922 1963 2941 1982 ⁶

1793 2102 1891 2169 Et
1937 2104 2189 2172 Thetidi
2228 2101 2448 2190 quales
2490 2103 2605 2170 vix
2650 2119 2809 2166 rear
2852 2099 2974 2182 esse
3004 2098 3218 2188 pedes.

1363 2227 1433 2281 v.
1483 2230 1546 2297 5.
1595 2215 1704 2284 Bt.
1757 2233 2111 2299 πλοκαμῒσο.

1443 2325 1578 2415 Ep.
1629 2353 1779 2416 203.
1826 2345 2118 2406 ΛΡΧΙΟΤ
2159 2350 2221 2402 et
2265 2327 2530 2398 Gruteri
2572 2327 2698 2394 Ex.

1449 2441 1580 2529 Ep.
1630 2468 1782 2528 204.
1825 2455 2306 2518 ΠΛΑΤΩΝΟΣ
2349 2461 2413 2512 et
2464 2443 2725 2511 Gruteri
2774 2443 3115 2512 Ex.·Vide
3170 2443 3358 2530 supra
3394 2446 3524 2530 Ep.
3572 2450 3680 2515 88.
3730 2461 3794 2513 et
3848 2445 4024 2515 conf.

1367 2560 1659 2630 Budaeus
1715 2583 1749 2632 a
1810 2561 2019 2647 stapel
2072 2563 2149 2631 ad
2205 2559 2626 2649 Theophrasti
2691 2557 2944 2628 Histor.
3002 2561 3210 2629 Plant.
3258 2583 3329 2646 p.
3399 2541 3549 2650 3'40.
3687 2581 3754 2629 v.
3808 2583 3869 2646 3.
3921 2559 4027 2628 Bt.

1357 2679 1598 2756 vivon-o.

1447 2789 1583 2873 Ep.
1629 2807 1783 2873 005.
1828 2803 2425 2866 ΑΣΚΛΗΠΙΑΔΟΤ
2485 2802 2549 2856 et
2608 2785 2872 2860 Gruteri
2943 2787 3355 2874 Exemplum.
3484 2787 3651 2858 Vide
3706 2787 4033 2857 Mitscher·

1360 2905 1517 2974 lich.
1563 2905 1642 2974 ad
1685 2907 1909 2974 Horat·
1955 2908 2038 2976 L·
2088 2929 2147 2974 1.
2193 2909 2325 2974 od.
2369 2928 2439 2987 4.
2487 2924 2558 2989 Ρ.
2609 2923 2673 2987 7·
3802 2919 3811 2928 ·

1447 3024 1579 3107 ΕΡ.
1630 3028 1782 3090 006.
1827 3026 2139 3094 ἀδέσποτον
2179 3022 2439 3089 Gruteri
2482 3022 2887 3105 Exemplum.
2978 3020 3279 3089 Meminit
3316 3024 3508 3109 hujus
3550 3020 4029 3107 Epigrammatis

1365 3136 1478 3203 El.
1523 3137 1832 3204 Schedius
1891 3138 1968 3205 de
2020 3138 2139 3207 Dis
2193 3136 2527 3204 Germanis
2584 3156 2655 3219 p.
2709 3158 2855 3221 131.
2912 3134 3114 3205 Conf.
3154 3136 3337 3221 supra
3375 3140 3507 3223 Ep.
3559 3158 3703 3222 133.

1451 3250 1590 3334 Ep.
1635 3272 1784 3335 007.
1826 3264 2418 3325 ΑΣΚΛΗΠΙΛΔΟΥ
2464 3234 2831 3321 et'Gruteri
2900 3252 3301 3337 Exemplum.
3436 3274 3503 3322 v.
3556 3276 3619 3339 3.
3686 3254 3867 3334 ἥδιςον
3916 3250 4033 3323 δ’ὅ-

1359 3368 1555 3437 telvm
1593 3367 1947 3437 Brunckius
1969 3414 1996 3450 ,
2058 3366 2256 3447 ἤδυςον
2295 3365 2559 3435 Gruteri
2614 3368 2743 3437 Ex.
2797 3383 2859 3433 et
2907 3367 3183 3437 Salmafii
3228 3368 3720 3438 Annotationes.
3852 3385 3916 3434 v.
3956 3387 4022 3447 4.

1359 3478 1476 3548 Br.
1519 3484 1790 3555 αἷνοῒτκι.
2147 3552 2154 3562 ,

1391 3622 1399 3630 ’
1451 3596 1583 3681 Ep.
1631 3601 1784 3665 208.
1819 3598 2073 3677 Ἄδηλον
2111 3594 2370 3663 Gruteri
2415 3595 2541 3664 Ex.
2604 3611 2667 3664 et
2729 3594 3005 3665 Salmafii
3058 3594 3553 3665 Annotationes.
3684 3614 3754 3661 v.
3807 3612 3867 3661 1.
3914 3590 4021 3659 Br.

1359 3708 1451 3779 ἴτ’
1491 3710 1557 3787 ἧς
1597 3714 1842 3793 camum
1866 3758 1890 3793 ‚
1933 3718 2333 3797 προπέμψω.
2426 3708 2628 3779 Conf.
2680 3698 3004 3795 Ob'sopoei
3046 3725 3255 3777 notas.
3385 3730 3453 3777 v.
3506 3732 3569 3777 0.
3616 3709 3725 3777 Br.
3770 3709 3897 3777 nai.

1451 3824 1582 3903 Ep.
1635 3843 1786 3906 209.
1829 3829 2142 3896 ἀδέσποτον
2184 3825 2445 3893 Gruteri
2494 3829 2871 3910 Exemplum
2916 3842 2980 3893 et
3024 3822 3296 3893 Salmafii
3338 3826 3833 3897 Annotationes.

1446 3932 1580 4015 Ep.
1633 3952 1784 3999 210.
1831 3933 1996 4000 Vide
2040 3938 2352 4003 Wetsten.
2398 3944 2476 4003 ad
2523 3944 2686 4002 Acta
2744 3942 3053 4022 Apostol.
3098 3958 3160 4004 c.
3215 3958 3275 4005 1.
3322 3959 3389 4005 ν.
3438 3960 3551 4021 07.
3598 3960 3665 4023 Ρ.
3718 3952 3829 4019 05.

1447 4047 1582 4130 Ep.
1632 4066 1782 4115 211.
1851 4058 2388 4120 ΣΩΣῙΠΛΤΡΟΤ
2431 4065 2494 4117 et
2540 4050 2800 4119 Gruteri
2862 4052 2990 4123 Ex.
3124 4074 3195 4120 v.
3243 4070 3308 4137 5.
3350 4056 3418 4122 6.
3482 4055 3633 4122 Vid.
3702 4052 3899 4121 Grot.
3944 4053 4024 4123 ad

1367 4164 1561 4231 Cant.
1625 4163 1877 4231 Cantic.
1949 4180 2090 4244 cap.
2136 4181 2205 4242 4.
2275 4183 2346 4247 Ρ.
2398 4167 2550 4250 069.
2616 4169 2721 4233 Ad
2769 4166 2929 4238 vers.
2978 4171 3043 4235 6.
3102 4167 3323 4237 confer
3364 4170 3495 4253 Ep.
3554 4189 3710 4238 000.
3836 4188 3904 4237 v.
3952 4184 4020 4249 7.

1365 4280 1562 4363 μηνύω
1602 4277 1764 4345 κυσὶν
1801 4276 1970 4347 belot·
2049 4276 2150 4347 De
2185 4277 2307 4346 hoc
2341 4280 2680 4369 proverbio
2722 4283 2863 4350 vide
2902 4297 3044 4356 not.
3072 4286 3168 4352 'ad
3202 4284 3291 4354 L.
3340 4306 3405 4371 3.
3454 4284 3541 4353 Τ.
3594 4305 3701 4371 30.
3746 4286 3876 4368 ΕΡ.
3908 4303 4017 4366 44.

1493 4514 1752 4572 ''INIO
1798 4518 2262 4611 nordana
2324 4528 2437 4577 ET
2499 4528 3317 4610 onsttvaarlonun
3377 4530 3479 4580 IN
3536 4526 3892 4584 zunul(

1821 4636 2314 4694 :RPTIMuu
2395 4644 3034 4713 4NTROL001A2
3100 4646 3564 4700 exaltent.
3622 4688 3633 4699 .
