4750 6000
1520 568 1612 650 L.
1657 590 1727 653 4.
1774 568 1863 638 Τ.
1916 592 2021 639 12.
2066 569 2197 655 Ep.
2243 585 2327 654 79
2372 603 2439 622 -
2484 587 2594 654 92.
3323 578 3414 651 93

737 740 1033 822 καμάτου.
1070 737 1291 806 Aldin.
1336 757 1372 804 a
1426 753 1617 822 1521.
1665 715 1881 816 μῖὀθου,
1930 741 2104 820 quod
2152 738 2254 803 alii
2300 739 2596 822 deinceps
2651 738 2844 806 secuti
2901 737 3070 804 sunt.
3201 755 3270 805 V.
3325 755 3410 821 5,

742 856 805 920 6.
851 855 957 922 Ad
1002 855 1129 926 Ex.
1176 854 1441 919 Ruhnk.
1492 899 1546 935 ‚‚
1591 852 1754 920 Vide
1806 852 1884 918 Is.
1936 851 2295 918 casaubon.
2341 853 2793 922 adTheocrit.
2843 875 2912 937 Ρ.
2962 833 3126 936 243.

821 971 951 1053 ΕΡ.
1001 976 1113 1058 80.
1156 971 1319 1034 Vide
1364 969 1675 1036 Wolfium
1742 969 1807 1034 in
1866 969 2073 1035 Politr.
2144 968 2311 1034 Octo
2365 968 2592 1054 fragm.
2661 993 2732 1054 p.
2793 991 2904 1054 94.
3039 987 3108 1038 v·
3167 990 3232 1036 2.
3293 967 3403 1037 Br.

728 1085 873 1152 Ἀδύ
914 1112 1033 1172 ἰ-ι.Φ
1128 1104 1308 1173 ν.,3.
1354 1104 1425 1166 4.
1472 1085 1769 1149 Catullus
1813 1084 2027 1166 Elegia
2082 1085 2157 1148 ad
2207 1083 2541 1152 Manlium.
2591 1108 2658 1156 V.
2707 1089 2820 1154 61.
2867 1087 2977 1152 62.

1166 1199 1375 1265 Dulce
1414 1201 1659 1265 viatori
1700 1196 1860 1277 lasso
1900 1202 1973 1262 in
2002 1196 2239 1278 sudore
2282 1198 2602 1280 levamen,

1254 1313 1411 1380 Cum
1448 1317 1675 1400 gravis
1720 1313 1952 1400 exustos
1996 1314 2190 1398 aestus
2232 1313 2483 1379 hiulcat
2524 1335 2741 1401 agros.

738 1429 846 1494 ubi
888 1431 1027 1496 vide
1056 1429 1337 1494 Santenii
1380 1444 1590 1494 notaS.

818 1545 973 1626 Ep..
1002 1549 1114 1616 81.
1156 1564 1218 1609 v.
1278 1564 1341 1626 3.
1387 1545 1495 1610 Bt.
1539 1545 1698 1614 τέκε.

824 1657 957 1738 Ep.
1008 1661 1118 1723 82.
1164 1677 1235 1724 v.
1284 1677 1346 1740 3.
1394 1658 1503 1723 Br.
1548 1655 1967 1737 δαμωλῆβοτον
2007 1667 2209 1734 recte,
2276 1665 2337 1716 et
2393 1649 2476 1716 fic
2533 1651 2706 1724 Edd.
2752 1651 2930 1721 Vett.
3067 1674 3129 1726 V.
3177 1671 3241 1738 5.
3291 1655 3403 1726 Bt.

734 1773 1065 1854 κελερόζον.
1763 1845 1774 1854 ·

826 1885 958 1964 Ep.
1009 1889 1113 1968 83.
1161 1884 1327 1950 Vide
1362 1878 1673 1947 Wolfium
1711 1877 1779 1944 in
1796 1876 2006 1945 Poetr.
2056 1875 2225 1944 Octo
2258 1876 2510 1962 Fragm.
2561 1901 2632 1962 p.
2667 1897 2778 1962 94.
2915 1903 2982 1950 v.
3035 1903 3096 1951 1.
3141 1881 3245 1948 Ad
3275 1879 3402 1950 Ex.

741 1998 1007 2065 Ruhnk.
1054 2002 1325 2080 οἱόβοτον.
1458 2015 1529 2063 v.
1571 2017 1639 2077 4.
1686 1995 1793 2060 Br.
1842 1996 2111 2070 aurdanu.

784 2115 953 2207 .EP.·
1006 2117 1113 2194 84.
1144 2113 1259 2210 ‚De
1302 2113 1425 2181 hoe
1471 2113 1603 2196 Ep.
1650 2109 1793 2176 Vide
1845 2109 2064 2174 Burm.
2116 2104 2256 2173 Sec.
2304 2109 2382 2174 ad
2439 2109 2727 2187 Propert.
2795 2103 2948 2174 Lib.
3001 2127 3063 2192 3.
3124 2107 3233 2176 El.
3299 2127 3406 2202 ιι.

739 2247 807 2293 V.
852 2247 967 2309 43.
1016 2201 1077 2292 et
1119 2227 1272 2294 Lib.
1320 2249 1389 2310 4
1434 2207 1547 2298 El.
1595 2249 1657 2294 2.
1706 2243 1773 2292 V.
1826 2243 1929 2308 33.
2064 2242 2129 2289 V.
2184 2242 2243 2290 ι.
2289 2224 2438 2291 Ald.
2493 2224 2598 2289 Pr.
2645 2223 2801 2287 male
2857 2227 3246 2308 οηροβολῆτε,
3309 2223 3416 2292 secl

736 2343 890 2410 Em.
936 2357 999 2410 et
1058 2344 1199 2411 Sec.
1248 2361 1411 2412 recte
1450 2347 1831 2426 θηροβολεΐτε.
1968 2358 2033 2404 v.
2085 2359 2150 2404 2.
2202 2337 2305 2407 Br.
2350 2342 2585 2422 ὄρειώτα
2646 2337 2982 2416 νισσόμενοι·
3110 2357 3174 2404 v.
3232 2359 3293 2424 3.
3337 2359 3410 2420 4.

656 2493 665 2498 »
741 2455 887 2540 Ter⁵
916 2458 1045 2528 αἵτε
1089 2459 1241 2522 Vat.
1290 2459 1536 2526 Codex.
1582 2453 1745 2520 Vide
1786 2453 2060 2521 Salmaiii
2096 2455 2535 2520 annotationes
2576 2467 2638 2518 et
2677 2451 2976 2518 Brunckii
3006 2447 3304 2519 Lection.
3350 2467 3415 2520 et

738 2573 1011 2640 Emend.
1058 2592 1127 2656 p.
1182 2563 1328 2655 197.
1462 2591 1533 2640 V.
1579 2588 1645 2654 5.
1694 2574 1759 2638 6.
1808 2571 1968 2638 Vide
2004 2571 2363 2656 spanhemii
2413 2570 2492 2637 ad
2555 2567 2922 2635 Callimachi
2963 2561 3054 2631 H.
3099 2565 3168 2634 in
3212 2567 3408 2638 Dian-

738 2705 804 2752 V.
856 2689 962 2750 88.
2435 2691 2437 2696 ’
3147 2686 3154 2692 ’
3389 2695 3395 2701 ·

822 2801 953 2884 ΕΡ.
1003 2803 1117 2884 85.
1162 2802 1281 2871 Τὸν
1320 2797 1647 2881 τραγᾰπουν
1676 2797 1788 2878 ἐμὲ
1826 2802 2028 2868 Πᾶνα.
2074 2798 2291 2866 simile
2344 2798 2594 2867 initium
2635 2795 2790 2862 Lib.
2832 2795 2904 2862 6.
2959 2793 3095 2862 Tit.
3140 2816 3210 2876 4.
3268 2795 3402 2878 ΕΡ.

742 2938 810 2984 2.
855 2915 1020 2984 Vide
1060 2916 1275 2983 Natal.
1325 2911 1573 2984 Comit.
1609 2909 1696 2978 L.
1748 2926 1812 2994 5.
1858 2931 1921 2979 c.
1971 2914 2037 2982 6.
2082 2935 2153 3000 p.
2202 2933 2359 2999 450.
2490 2934 2558 2981 V.
2607 2935 2669 2979 2.
2731 2911 2836 2979 Ad
2885 2909 3008 2977 hoc
3061 2915 3420 2990 provocant

738 3032 889 3097 VV.
938 3034 1091 3099 DD.
1136 3035 1215 3120 ad
1266 3030 1512 3123 Nepet.
1559 3029 1625 3093 in
1670 3026 1959 3095 Miltiade
2010 3050 2076 3096 c.
2132 3052 2193 3095 1.
2240 3034 2278 3114 §
2328 3052 2393 3097 2.

818 3149 952 3231 Ep.
1003 3150 1110 3216 86.
1160 3166 1228 3215 V.
1282 3160 1343 3211 1.
1390 3146 1739 3226 ὀρεσσαύλου
1778 3144 1945 3217 πόσις
1986 3147 2197 3227 ἆχοῢς.
2244 3146 2397 3212 Vid.
2457 3141 2902 3212 Hemsterhufii
2927 3158 3120 3229 ‘notas
3153 3144 3230 3211 ad
3276 3142 3418 3213 Lu·

736 3263 901 3328 cian.
944 3262 1115 3328 Dial.
1160 3261 1356 3326 Deor.
1404 3279 1475 3343 Ρ.
1527 3276 1677 3341 272.
1812 3275 1880 3322 V.
1928 3278 1997 3338 4.
2042 3263 2361 3344 αἰχματᾶν
2408 3266 2535 3347 jam
2579 3262 2734 3327 Ald.
2777 3262 2884 3324 Pr.
2929 3256 3080 3327 Em.
3142 3266 3204 3324 et
3263 3258 3412 3326 Sec·-

738 3394 805 3442 ν.
856 3361 921 3441 8.
966 3376 1523 3457 μαρκθωνομάχαις.
1566 3369 1679 3436 ssr.
2081 3449 2095 3459 ·

822 3492 1112 3570 ΕΡ.·88.
1160 3482 1311 3553 Vid.
1360 3484 1571 3550 Natal.
1619 3484 1856 3553 Comes
1905 3482 1990 3551 L.
2054 3500 2120 3567 5.
2171 3504 2233 3553 c.
2281 3488 2350 3553 6.
2411 3508 2482 3572 p.
2537 3504 2691 3573 451.
2827 3507 2896 3555 V.
2968 3504 3034 3570 5.
3099 3488 3418 3570 dragum

736 3606 873 3671 vid.
938 3601 1289 3683 Sophocles
1347 3601 1685 3667 Philoctet.
1732 3619 1802 3666 V.
1853 3615 1964 3683 35.

820 3718 953 3803 Ep.
1006 3719 1117 3797 89.
1159 3715 1323 3778 Vide
1369 3714 1631 3799 Junium
1694 3714 1771 3779 de
1808 3711 2061 3780 Pictura
2106 3714 2324 3783 Veter.
2385 3738 2456 3801 p.
2518 3738 2630 3801 77.
2675 3704 2851 3801 parte
2896 3738 2960 3785 2.
3094 3734 3166 3783 v.
3214 3734 3277 3781 ι.
3323 3712 3418 3785 ac-

737 3842 1040 3916 μασιαῒσι.
1120 3829 1221 3895 De
1278 3828 1392 3894 hac
1452 3845 1612 3893 voce
1664 3826 1810 3893 Vide
1852 3826 2009 3894 VV.
2053 3828 2205 3899 DD.
2251 3808 2438 3901 notas
2481 3838 2562 3901 ad
2621 3832 2854 3917 Odyss.
2909 3840 3007 3899 Ω.
3051 3850 3118 3897 v.
3167 3850 3247 3893 aa
3257 3848 3324 3911 3.

822 3944 953 4021 ΕΡ.
996 3962 1105 4019 90·
1155 3961 1224 4012 V.
1276 3962 1337 4009 1.
1386 3942 1493 4008 ssr.
1540 3944 1779 4027 Κρόνος,
1826 3946 2000 4025 quod
2044 3946 2240 4013 secuti
2280 3947 2522 4020 sumun-
2611 3966 2676 4005 ν·
2727 3961 2789 4005 2·
2835 3939 2942 4007 Br-
2987 3938 3136 4023 Φῶρ’
3176 3958 3239 4007 et
3265 3968 3412 4025 un·

736 4055 924 4126 cluce-
1045 4070 1114 4116 V.
1164 4068 1227 4133 3.
1275 4042 1423 4111 Vox
1458 4054 1643 4113 ἕνεκεν
1684 4058 1753 4111 m
1786 4054 2003 4127 priscis
2046 4048 2215 4114 Edd.
2264 4068 2396 4119 non
2441 4051 2784 4133 invenitur.
2871 4054 3151 4123 Primum
3187 4074 3420 4125 occut-

736 4166 819 4235 rit
856 4168 923 4235 in
958 4167 1117 4235 Ald.
1162 4163 1309 4231 sec.
1354 4181 1413 4228 a.
1468 4176 1655 4241 1521.
1751 4158 1861 4223 Br.
1904 4168 2281 4230 κολικυντῶν.

824 4283 955 4364 Ep.
998 4299 1107 4387 91.
1158 4278 1311 4345 Vid.
1350 4276 1613 4362 Junium
1672 4274 1749 4339 de
1806 4274 2057 4343 Pictura
2100 4272 2317 4342 Veter.
2378 4295 2450 4359 p.
2503 4278 2608 4357 89·
2657 4292 2829 4360 parte
2874 4302 2912 4345 2
2973 4297 3038 4349 et
3091 4282 3194 4352 Μ.
3281 4279 3419 4347 Ra·

737 4397 952 4464 desum
1013 4398 1092 4513 ad
1128 4391 1477 4459 Martialem
1518 4410 1589 4475 Ρ.
1635 4392 1787 4473 285.
1922 4406 1991 4458 V.
2044 4406 2107 4455 ι.
2152 4390 2321 4475 νόμον
2351 4392 2556 4474 χάριν.
2611 4390 2768 4458 Vid.
2833 4394 2920 4462 L.
2971 4418 3036 4463 2.
3102 4396 3238 4463 Tit.
3291 4412 3419 4477 31..

742 4511 1112 4709 RES-92·
1158 4618 1323 4685 Vide
1373 4614 1634 4701 Juniutn
1692 4617 1769 4682 de
1812 4615 2059 4682 Pictura
2114 4614 2267 4683 Vet.
2313 4634 2387 4702 p.
2439 4578 2582 4700 16.{.
2615 4632 2792 4705 parte
2841 4638 2916 4685 ει.
3041 4636 3118 4688 V.
3163 4637 3236 4703 3.
3287 4614 3396 4683 Bt.

740 4742 1092 4825 Φυλόμαχος
1135 4750 1199 4803 et
1240 4734 1322 4803 fic
1377 4730 1647 4801 Grotius
1688 4730 2176 4821 Phylomachus.

1948 4844 2033 4918 M
2076 4866 2122 4931 a
3265 4846 3410 4936 tp..
