4750 6000
1072 559 1161 630 1„
1211 581 1277 648 3,
1320 562 1415 634 Τ,
1466 585 1572 628 12.
1616 567 1752 648 Ep.
1793 569 1923 649 56,
1970 563 2267 648 57.-Tit.
2322 585 2427 651 ι’.
2476 565 2616 637 Tit.
2656 567 2948 654 -ι4..ΕΡ.
2999 589 3207 660 1-3.
3393 567 3483 661 43

798 735 919 800 aere
962 739 1025 790 et
1064 725 1148 792 fic
1181 729 1265 794 ad
1304 729 1432 798 Ex.
1475 726 1744 796 Ruhnk.
1876 747 1945 796 v.
1991 749 2059 812 4.
2120 728 2231 794 Br.
2298 736 2506 812 λευρὰ.
2583 735 2684 804 De
2750 752 2909 802 voce
2953 742 3304 818 περκέλλειν
3365 737 3473 806 hic

788 842 989 911 obvia
1032 842 1193 910 infra
1232 846 1338 912 ad.
1388 843 1476 912 T
1531 864 1635 929 13.
1680 843 1813 927 Ep.
1858 861 1925 926 4.
2058 863 2127 911 v.
2173 846 2239 912 6.
2288 846 2398 911 Bt.
2443 845 2704 932 ἄμμορος
2741 851 2829 918 οὐ.
2966 865 3034 913 v.
3097 853 3162 918 8.
3219 851 3326 920 Br.
3373 859 3474 924 τὸν

788 959 1090 1038 &aaran

882 1071 1014 1151 ΕΡ.
1063 1087 1172 1154 57.
1216 1090 1285 1139 v.
1330 1091 1400 1152 4.
1444 1068 1751 1150 Λάρισσαν
1792 1062 1857 1137 Σὲ
1888 1068 2097 1148 mlum.
2181 1066 2553 1152 Legendum
2595 1070 2924 1148 Λάρισα,
3003 1077 3177 1154 quod
3235 1079 3468 1160 proba-

788 1185 900 1252 bat
943 1183 1505 1270 wyttenbachius·
1566 1181 1919 1266 (Equidem
1952 1180 2081 1248 hoe
2120 1199 2253 1249 non
2283 1183 2495 1266 capio.
2585 1179 2826 1264 Recte,
2873 1201 2972 1250 me
3007 1185 3264 1276 judice,
3309 1197 3464 1263 Bro-

790 1300 981 1366 daeus
1026 1345 1082 1380 „
1125 1304 1445 1380 Adue-rav·
1475 1293 1828 1361 Thessaliae
1863 1283 2172 1360 civitatem
2196 1340 2221 1378 ,
2280 1297 2419 1380 ejus
2460 1299 2659 1360 natale
2701 1296 2898 1362 solum
2925 1345 2950 1381 ,
2993 1309 3220 1389 epum,
3257 1316 3466 1393 “591-

780 1421 885 1489 320
930 1413 1057 1496 L.)

874 1528 1016 1595 Tit.
1067 1545 1171 1610 13.
1217 1525 1347 1610 Ep.
1406 1544 1466 1593 1.
1512 1543 1580 1593 v.
1633 1543 1693 1592 1.
1740 1521 1851 1589 Br.
1896 1524 2081 1598 Λυδὸς
2116 1526 2275 1602 ἐγὼ.
2319 1525 2412 1595 ναὶ
2461 1529 2646 1598 Λυδὸς
2691 1540 2752 1592 et
2810 1547 2874 1596 v.
2933 1551 2999 1618 3.
3059 1535 3293 1602 εὐαίων.

871 1646 1003 1728 ΕΡ.
1051 1663 1116 1708 2.
1163 1660 1229 1706 V.
1281 1662 1346 1706 2.
1391 1642 1497 1708 Ad
1539 1641 1665 1707 Ex.
1710 1638 1975 1704 Ruhnk.
2030 1679 2088 1716 ‚,
2128 1660 2231 1716 γρ.
2273 1639 2754 1720 ἑπιλαθόμευὸς.”
2860 1667 2923 1713 v.
2979 1667 3042 1732 3.
3089 1649 3196 1718 ΒΓ.
3236 1649 3353 1726 ὀς
3381 1679 3461 1734 με

787 1760 915 1835 τότ’
954 1766 1045 1829 ἐκ.
1091 1776 1157 1824 v.
1200 1759 1271 1821 6·
1316 1759 1519 1834 ἄμμες
1558 1756 1959 1829 ἑτοιμοτέρους.
2005 1750 2155 1818 Ald-
2200 1749 2305 1816 Pr·
2352 1746 2523 1816 Em.

868 1875 1000 1958 Ep.
1052 1893 1116 1958 3.
1164 1871 1314 1937 Vid.
1364 1867 1691 1936 Wetstenii
1728 1883 1910 1936 notas
1968 1869 2046 1934 ad
2098 1864 2273 1934 Pauli
2332 1865 2462 1950 Ep.
2515 1866 2568 1932 1.
2616 1869 2696 1936 ad
2737 1871 3038 1944 Corinth.
3080 1877 3198 1948 VI.
3243 1902 3349 1950 20.
3396 1897 3458 1952 et

781 1993 913 2076 Ep.
960 1992 1037 2057 ad
1079 1989 1274 2072 Rom.
1321 1987 1439 2054 VI.
1487 2007 1552 2054 v.
1608 1990 1711 2052 18.

868 2110 1001 2192 Ep.
1044 2127 1111 2190 4.
1158 2105 1254 2172 De
1313 2105 1435 2170 hoc
1490 2101 1621 2185 Ep.
1664 2098 1843 2168 conf.
1901 2113 2085 2166 notas
2136 2093 2289 2162 VV.
2328 2095 2479 2163 DD.
2527 2099 2603 2163 ad
2638 2097 2847 2170 Taciti
2897 2106 3146 2176 Histor.
3181 2110 3332 2180 Lib.
3379 2131 3444 2196 5.

778 2229 949 2310 Cap.
1000 2241 1063 2306 5.
1112 2243 1179 2305 p.
1235 2237 1385 2304 354.
1430 2220 1556 2286 Ed.
1604 2216 1903 2283 Gronov.
1950 2214 2029 2281 B.
2074 2213 2458 2280 Averanium
2521 2213 2610 2278 T.
2665 2236 2724 2284 1.
2781 2240 2850 2303 p.
2894 2229 3010 2306 178
3085 2225 3258 2310 seqq.
3347 2230 3454 2296 Ad

782 2347 907 2416 Ex.
953 2340 1217 2408 Ruhnk.
1259 2351 1571 2404 notatum.
1620 2381 1675 2416 ‚‚
1722 2333 1960 2400 suidas
1985 2349 2049 2397 v.
2087 2328 2464 2410 Abomvircss’
2545 2347 2610 2396 v.
2657 2357 2720 2402 α.
2766 2337 3017 2420 Braisoi
3065 2343 3209 2419 γὰρ.
3300 2342 3454 2411 Non

781 2461 867 2526 ita
911 2456 1179 2535 Sumus,
1224 2456 1394 2536 apud
1454 2461 1641 2534 quem
1691 2462 1935 2530 recepta
1980 2443 2193 2510 lectio.
2328 2461 2394 2507 v.
2453 2461 2517 2524 5.
2569 2453 2931 2530 erem-elme.
3021 2452 3118 2518 De
3167 2455 3288 2524 hoc
3338 2478 3453 2526 vo·
3519 2510 3525 2520 .

775 2574 875 2640 cis
928 2571 1043 2634 usu
1096 2569 1233 2668 vid..
1272 2564 1425 2630 VV.
1484 2565 1635 2631 DD.
1682 2576 1867 2630 notas
1910 2562 1987 2628 ad
2036 2555 2297 2624 Homeri
2359 2555 2490 2623 od.
2547 2566 2642 2624 Ω.
2707 2579 2860 2642 292.
2927 2582 2990 2633 et
3050 2571 3142 2639 G.
3211 2573 3450 2658 Cuperi

772 2684 1217 2754 Observation.
1285 2681 1439 2747 Lib.
1507 2701 1571 2746 2.
1618 2699 1678 2745 c.
1725 2697 1795 2762 9.
1838 2698 1907 2762 p.
1955 2698 2023 2763 p.
2076 2694 2224 2755 214.
2272 2669 2452 2753 seqq.
2541 2669 2744 2738 Conf.
2814 2673 2899 2742 T.
2971 2698 3075 2746 12.
3141 2684 3269 2771 Ep.
3321 2693 3430 2770 56.
3477 2671 3482 2682 ’

776 2805 866 2871 T.
915 2823 1021 2884 23.
1069 2799 1153 2864 E.
1210 2819 1313 2864 12.
1406 2797 1509 2864 Sic
1553 2794 1779 2862 Latine
1816 2793 2045 2861 dicitur
2092 2805 2455 2876 componere
2493 2801 2554 2852 et
2588 2793 2914 2874 componi,
2947 2796 3120 2874 quod
3174 2801 3252 2865 de
3299 2817 3436 2871 toto

775 2906 1025 2988 funebri
1088 2929 1389 3001 apparatu
1441 2911 1823 2999 singulisque
1862 2912 2001 2996 ejus
2062 2907 2349 2994 partibus
2403 2902 2872 2988 intelligendum
2929 2909 3058 2975 esse
3103 2911 3258 2979 bene
3310 2935 3446 2984 mo·

719 3088 725 3093 -
774 3055 882 3108 net
927 3037 1214 3119 Heynius
1268 3032 1345 3098 ad
1402 3028 1649 3097 Tibull..
1684 3029 1784 3097 ·L.
1850 3048 1912 3112 3.
1956 3028 2066 3097 El.
2112 3048 2179 3091 2.
2224 3042 2294 3092 v.
2341 3029 2454 3094 26.

765 3230 773 3239 ,
856 3156 987 3257 ΕΡ.
1036 3168 1101 3234 5.
1148 3151 1253 3216 Ad
1296 3148 1421 3215 Ex.
1480 3146 1747 3213 Ruhnk.
1779 3176 1849 3226 ·‚,
1896 3144 2071 3213 Citat
2120 3143 2346 3212 Suidas
2399 3164 2466 3213 v.
2525 3147 2680 3228 ἠρία.
2767 3136 2912 3205 Hoc
2961 3139 3273 3211 Kusterus
3307 3164 3441 3215 non

771 3267 1000 3337 vidiv’·
1085 3265 1257 3331 Tum
1290 3263 1664 3341 adscriptum
1702 3272 1799 3325 est
1826 3262 2213 3343 δυσδάκρυτα.
2300 3259 2463 3329 Vid.
2503 3259 2728 3342 Toup.
2766 3256 2898 3341 Ep.
2943 3276 3011 3341 Ρ.
3061 3278 3088 3325 ι
3099 3276 3210 3349 57
3257 3280 3323 3329 v.
3368 3281 3434 3349 5.

772 3385 881 3469 ΗΓ·
926 3388 1150 3456 ὤὶιῑσθεν
1192 3404 1339 3461 yvpn
1380 3376 1491 3443 κόν
1496 3399 1553 3446 ς·

856 3498 995 3563 Tit.
1044 3516 1149 3577 14.
1194 3494 1324 3575 Ep.
1374 3508 1432 3556 1.
1482 3486 1585 3553 Ad
1620 3482 1748 3552 Ex.
1782 3480 2048 3551 Ruhnk.
2091 3527 2144 3564 ‚‚
2186 3482 2333 3550 Hoc
2368 3428 2500 3567 ΕΡ.
2544 3482 2734 3550 vertit
2771 3484 2860 3551 D.
2899 3482 3200 3553 Heinfius
3219 3486 3430 3559 Poem.

766 3635 838 3698 p.
896 3632 1045 3695 132.
1093 3610 1267 3675 Citnt
1300 3604 1535 3672 Suidas
1574 3620 1642 3666 v.
1687 3604 1928 3684 ipsium·
1935 3591 1980 3627 ”
2068 3596 2269 3665 Conf.
2314 3599 2533 3666 Burm.
2572 3598 2715 3667 sec.
2760 3602 2838 3667 ad
2877 3600 3028 3667 haec
3077 3600 3431 3686 Propertii,

765 3726 917 3795 Lib.
966 3746 1032 3791 ι.
1076 3723 1187 3793 El.
1240 3742 1344 3805 19.
1388 3733 1647 3801 v.·55.·

1196 3836 1325 3907 Sed
1358 3850 1571 3903 tamen
1613 3846 1675 3897 et
1703 3827 1946 3912 sbabra
1988 3831 2234 3895 teritur
2276 3826 2561 3915 robigine
2604 3850 2821 3897 mucro

1283 3956 1559 4022 Ferreus
1573 3995 1598 4032 ,
1642 3962 1704 4013 et
1738 3963 1945 4037 parvo
1976 3942 2168 4035 saepe
2207 3945 2540 4031 liquor-et
2487 3944 2677 4028 filex.

765 4075 945 4141 etad
985 4074 1263 4159 eiusdem
1306 4071 1458 4138 Lib.
1511 4088 1575 4152 3.
1620 4065 1729 4133 El.
1781 4083 1842 4129 1.
1888 4082 1955 4130 v.
2004 4064 2113 4145 63.
2161 4082 2228 4146 p.
2277 4078 2429 4144 495.

846 4192 979 4273 ΕΡ.
1024 4210 1091 4257 2.
1136 4190 1242 4257 Ad
1283 4188 1407 4257 Ex·
1428 4172 1783 4262 Ruhnk„
1789 4176 2013 4261 ‚vid.
2043 4176 2173 4265 Jos.
2239 4178 2513 4261 Scaliger
2561 4177 2638 4243 ad
2681 4175 2885 4245 Catal.
2940 4197 3012 4261 p.
3073 4177 3269 4263 150.”
3315 4182 3427 4250 ubi
3548 4198 3556 4205 ·

768 4308 919 4374 citat
958 4302 1432 4371 Ovidii-Trist.
1477 4300 1632 4369 Lib.
1683 4315 1747 4383 5.
1789 4226 1901 4366 zEd.
1952 4310 2016 4379 5.
2063 4312 2130 4361 v.
2182 4313 2289 4376 31.
2336 4292 2512 4375 seqq.
2562 4293 2640 4359 ad
2675 4312 2842 4375 quos
2889 4294 3025 4362 vid.
3069 4296 3418 4367 Fontanus.

765 4420 965 4490 Conf.
1011 4434 1073 4486 et
1108 4420 1217 4505 Jo.
1262 4417 1497 4487 Potteri
1536 4414 1955 4497 Archaeolog.
2022 4410 2251 4477 Graec.
2297 4408 2384 4475 L.
2432 4429 2499 4490 4.
2547 4408 2714 4493 Cap.
2759 4430 2828 4494 9.
2875 4432 2944 4495 p.
2996 4416 3146 4494 585'.
3235 4432 3301 4477 v.
3353 4436 3417 4479 2.

756 4538 871 4605 ·.Br
915 4537 1245 4605 αὶσθανεπει
1282 4536 1580 4613 πολέμου.
1706 4546 1773 4595 v.
1830 4548 1896 4610 3.
1946 4530 2080 4599 κεῖν
2124 4526 2418 4611 ’Δχὲροντι
2458 4524 2614 4591 Ald.
2655 4525 2760 4591 Pr.
2805 4526 2956 4593 Em.
3086 4546 3160 4590 v·
3207 4529 3274 4595 6.
3317 4556 3433 4598 m·

761 4656 941 4722 λέων
982 4648 1357 4731 adscriptum
1408 4645 1669 4715 Gruteri
1726 4644 2010 4743 exemplo
2072 4654 2135 4705 et
2184 4640 2259 4707 ad
2314 4642 2440 4707 Ex.
2487 4638 2756 4705 Ruhnk.

847 4768 978 4849 Ep.
1034 4786 1093 4849 3.
1143 4770 1245 4838 Εἰς
1289 4770 1706 4854 Πρωτεσιλάοι.
1793 4760 1891 4825 De
1940 4736 2155 4825 eodem
2201 4769 2578 4841 argumento
2643 4756 2886 4839 primus
2950 4756 3210 4821 alterum
3271 4758 3427 4842 Epi-

762 4900 1036 4968 gramma
1078 4878 1267 4949 edidit
1304 4874 1631 4949 Salmafius
1672 4875 1739 4944 in
1782 4874 2081 4944 Plinianis
2120 4874 2577 4942 Exercitation.
2625 4892 2693 4956 p.
2749 4872 2902 4939 611.
2963 4870 3289 4942 Invenitur
3329 4894 3437 4941 au-

2084 4990 2135 5058 F
2182 5010 2221 5054 2
3317 5003 3442 5056 tem
